2534 4904
417 590 696 609 ...n—nnn*

1014 591 1088 663 333

108 729 239 811 CHR.
291 724 452 810 FRID.
501 725 590 807 GE.
641 723 906 808 MEISTER
955 727 1006 810 D.

13 880 88 979 qui
105 879 201 952 inter
218 875 337 952 solitas
354 873 591 948 caerimonias
610 873 775 948 oratione
792 874 943 971 publice
958 875 1094 969 habita,

13 993 144 1069 faustis
175 1014 260 1067 cum
285 988 493 1070 ominibus,
530 987 731 1085 vobisque,
769 982 898 1079 Ciues,
940 990 1097 1069 lauenti-

14 1108 112 1195 bus,
150 1103 370 1182 Proredloris
396 1102 523 1176 munia
547 1098 733 1200 suscipiet:
770 1102 874 1200 quod
901 1118 939 1179 vt
965 1107 1096 1207 etipsa

19 1222 60 1297 e‘t
75 1218 299 1319 reipublicae
318 1216 408 1293 felix
425 1215 654 1313 faustumque
672 1214 723 1304 fit,
746 1229 782 1291 et
799 1241 869 1310 nos
879 1241 1094 1317 precamur,

16 1350 59 1412 et
89 1358 155 1409 vos
184 1334 402 1418 nobiscum,
444 1325 576 1417 Ciues,
621 1333 831 1427 precamini.
917 1331 971 1409 Vt
1006 1359 1095 1414 vero

13 1462 108 1524 vota
121 1447 208 1522 fiant
223 1447 385 1548 publice,
405 1457 517 1543 utque
532 1446 599 1517 rite
613 1446 749 1543 pieque
765 1460 940 1544 gerantur
957 1454 1096 1541 onmia,

19 1563 154 1649 adeste,
181 1557 305 1648 Ciues,
335 1558 562 1634 sollennibus
576 1556 799 1658 frequentes.
858 1559 943 1638 Vos
959 1577 1095 1655 autem,

19 1674 190 1754 Comites
216 1671 463 1759 lllustrillimi,
507 1674 628 1770 primo
653 1671 740 1749 loco
769 1698 942 1774 rogamus
967 1676 1097 1755 huma-

18 1788 182 1874 niffime,
212 1803 252 1864 vt
273 1808 451 1888 pompam
482 1784 678 1860 ducerem
704 1790 884 1888 templum
914 1792 1095 1868 academi-

19 1929 112 1984 cum
139 1919 175 1978 et
201 1904 306 1979 sacris
332 1902 461 1976 nostris
486 1895 650 1975 interelle
673 1924 743 2001 pro
766 1904 900 2003 insigni
930 1906 1094 1984 beneuo-

13 2021 134 2097 lentia
164 2020 277 2094 vestra
306 2040 353 2091 ne
381 2014 646 2112 dedignemini.

139 2236 457 2343 Quandoquidem
484 2253 607 2318 autem
629 2240 836 2320 academiae
860 2267 942 2322 mos
961 2259 998 2322 et
1013 2245 1094 2323 offi-

18 2364 71 2438 cii
91 2363 183 2436 ratio
201 2359 381 2460 postulat,
414 2373 453 2430 vt
470 2356 539 2432 hac
560 2357 632 2454 ipsa
662 2358 825 2455 pagella,
866 2381 938 2458 qua
961 2360 1097 2439 sollen-

16 2479 82 2552 nia
99 2476 334 2562 indicuntur,
364 2469 586 2571 ptolufionis
606 2467 721 2546 canll'a
738 2472 783 2548 de
807 2496 847 2549 re
872 2472 994 2574 aliqua
1014 2500 1098 2552 eru-

20 2591 119 2675 dita,
149 2613 195 2662 ex
220 2588 346 2676 medio
371 2602 492 2661 tamen
518 2586 650 2684 petita,
680 2608 750 2662 nec
773 2586 866 2664 adeo
891 2590 1095 2680 recondita,

21 2702 239 2782 differantur
260 2699 473 2778 nonnulla:
503 2699 691 2774 tetradiam
707 2699 829 2797 placet
845 2725 923 2777 rem
936 2726 1020 2792 non
1038 2711 1096 2781 in-

20 2818 224 2920 iucundum
248 2817 422 2912 cognitu,
460 2835 573 2912 quam
594 2834 712 2910 nuper
733 2816 772 2888 in
795 2817 959 2891 animum
987 2842 1097 2895 reuo-

21 2936 123 3010 cauit
148 2927 367 3008 noutffimus
398 2925 549 3015 Gallus,
591 2927 836 3024 disputatione
860 2929 906 3005 de
929 2927 1096 3008 Cometis

22 3048 187 3125 instituta
211 3051 274 3135 a).
332 3040 407 3119 Vbi
431 3043 592 3117 enimin
621 3063 662 3115 ea
685 3044 896 3140 quaestione
925 3046 1096 3136 versatur,

22 3187 71 3238 an
96 3156 203 3236 Luna
223 3157 425 3256 aliquando
449 3153 622 3231 Cometes
644 3155 773 3245 luerit,
804 3159 869 3256 qui
896 3179 982 3235 cum
1010 3184 1096 3259 pro-

22 3280 120 3377 pius,
149 3297 263 3373 quam
277 3272 419 3347 salubre
436 3267 532 3358 esset,
560 3257 749 3344 accelltllet
765 3269 809 3345 ad
830 3285 974 3361 tertam,
996 3297 1094 3366 ecce,

22 3404 175 3489 repente
195 3392 240 3463 ab
264 3411 304 3461 ea
326 3404 535 3483 correptus,
563 3399 669 3458 nsotu
694 3383 759 3459 l'uo
787 3387 882 3461 circa
908 3410 985 3463 eam
1009 3389 1098 3466 feni

23 3505 149 3602 coepit
182 3516 219 3576 et
246 3504 290 3582 in
316 3499 477 3575 satellitis
503 3497 631 3572 locum
662 3494 778 3573 ceffit:
819 3504 879 3574 cui
906 3503 959 3576 rei
985 3502 1098 3582 fidem

24 3620 144 3695 lacere
167 3616 281 3691 visum
302 3615 351 3689 est
372 3611 564 3688 nonnullis
581 3609 673 3699 hoc,
705 3612 830 3710 quod,
859 3614 950 3690 facie
968 3611 1097 3694 Lunae

21 3755 88 3835 per
108 3729 348 3830 telescopium
371 3727 583 3826 explorata,
610 3725 798 3803 exelarum
822 3727 920 3827 quast
945 3737 1097 3830 rupium

251 3849 254 3868 ⁴
948 3846 1098 3944 vestigia

66 4069 113 4150 a)
143 4063 230 4152 Effni
244 4066 308 4148 saar
332 4068 374 4131 les
404 4066 535 4133 Cometes
561 4088 597 4133 en
622 4069 749 4152 generat
774 4077 803 4134 et
828 4070 1098 4153 particulilremmt

132 4152 194 4235 sur
213 4155 302 4217 calles.
326 4154 379 4232 qui
397 4161 522 4233 peuuenl
536 4153 704 4233 appi-octn-
722 4153 758 4216 de
777 4153 892 4219 lorbite
909 4156 988 4219 dela
1005 4164 1093 4229 terre,

138 4256 200 4316 pur
228 4234 293 4298 lllr.
313 4233 423 4299 Diouis
446 4235 487 4300 dan
505 4233 624 4316 Silone.
648 4236 684 4300 de
705 4235 888 4302 lAcndemie
910 4236 1026 4320 Ropnln
1042 4240 1097 4302 dut

130 4319 258 4402 sciaticus
283 4317 319 4383 de
340 4319 436 4383 Panis
461 4329 490 4382 et
516 4317 673 4399 Conseiller
698 4320 742 4387 du
769 4320 952 4388 Parlement
998 4315 1098 4386 Puris

136 4423 228 4487 ¹775·
