2542 5146
15 237 231 323 --Ι

125 582 206 687 435
515 559 793 613 ..J-⁸⁸⁸¹...-

123 775 266 836 moram
287 749 401 836 serre,
431 742 647 845 prouidere,
672 754 712 819 tt
728 765 841 843 quam
861 741 1035 842 prunum
1052 739 1199 821 Gottin·
1235 733 1237 739 “

124 890 210 965 gam
233 864 326 940 liber
351 863 665 937 transmitteretur.

238 1085 308 1165 Sed
329 1084 449 1175 video,
480 1081 645 1167 nonime
662 1081 804 1158 summo
822 1081 934 1158 animi
955 1083 1034 1158 mei
1052 1081 1200 1170 dolore,

126 1223 197 1278 nec
223 1201 297 1279 sine
324 1201 448 1276 multis
472 1197 629 1274 lacrimis
656 1221 714 1270 me
739 1194 839 1275 hunc
868 1194 999 1272 locum
1027 1197 1201 1296 persequi

126 1311 247 1413 polse3
277 1329 314 1388 et
338 1311 455 1391 solent
478 1335 540 1397 ea,
566 1333 659 1409 quae
685 1309 786 1385 nulla
804 1311 971 1384 oratione
993 1312 1201 1388 commode

127 1428 231 1504 reddi
255 1422 418 1524 possunt,
449 1427 584 1501 maiora
603 1423 736 1506 videri,
763 1421 851 1498 dum
867 1435 1058 1510 tacemus,
1089 1447 1201 1522 quam
1245 1521 1247 1524 Α

128 1540 155 1616 fi
188 1540 321 1615 leuiter
357 1538 640 1638 perstringimus.
720 1532 786 1612 llle
816 1535 965 1635 quidem
992 1535 1047 1611 ad'
1065 1535 1202 1613 Manes
1245 1549 1248 1629 ;

128 1674 246 1751 usque
275 1651 514 1750 prosequetur
536 1670 659 1725 earum
684 1670 854 1724 curarum
872 1650 1079 1746 cogitatio,
1115 1674 1204 1749 quas
1246 1652 1247 1663 '

131 1767 171 1842 in
195 1763 443 1841 Bibliothecae
468 1760 750 1863 locupletandae
782 1759 938 1840 consiliis
965 1785 987 1836 a
1010 1759 1116 1839 Viro
1138 1771 1203 1839 im·

129 1877 297 1964 mortali,
336 1875 625 1965 Mvucrrnvsro,
669 1875 834 1952 consumi
864 1897 931 1974 per
959 1873 1032 1952 hos
1061 1877 1203 1977 septem

130 2008 248 2067 annos
266 1988 351 2065 vidi.
483 2024 485 2030 ·
574 2007 576 2017 ·
672 2016 676 2024 ·

141 2284 145 2290 .
192 2297 194 2300 .
243 2206 386 2286 Verum
409 2207 646 2289 retrahendus
670 2208 719 2285 est
745 2208 887 2285 animus
910 2207 954 2284 ab
971 2205 1037 2283 illa
1057 2211 1205 2308 cogita-
1254 2284 1255 2288 a

134 2324 238 2399 tione
268 2337 304 2399 et
326 2321 597 2400 transferendus
628 2319 674 2399 ad
702 2322 842 2421 reliqua
875 2346 895 2398 a
922 2319 1202 2399 lllvucrrrrvsro

80 2526 82 2535 ‚
134 2436 318 2536 praeclare
339 2439 377 2510 in
402 2435 469 2512 hac
488 2433 682 2512 Academia
703 2435 846 2535 prouisa
874 2451 911 2511 et
932 2434 1119 2524 instituta,
1165 2451 1205 2511 vt

131 2554 172 2625 in
189 2573 264 2625 vno
282 2550 405 2625 saltem
423 2549 480 2624 vel
505 2549 620 2623 altero
638 2547 809 2635 doceam,
837 2544 931 2624 Eum
948 2551 987 2623 in
1008 2551 1054 2623 iis
1072 2549 1203 2637 rebus,

133 2686 229 2762 quae
259 2661 396 2763 litteras
420 2663 544 2737 iuuare
563 2661 620 2736 vel
637 2684 767 2737 ornare
788 2659 952 2760 possunt,
984 2659 1068 2759 plus
1085 2665 1205 2740 etiam
1253 2673 1256 2757 l

132 2773 257 2868 vidisse
292 2773 401 2874 quam
433 2774 571 2851 multos
595 2797 642 2850 ex
663 2773 740 2872 ipso
766 2774 992 2851 eruditorum
1027 2777 1202 2852 virorum

132 2902 254 2966 coetu.
313 2885 368 2965 Ita
391 2886 608 2964 Societatem
630 2885 868 2964 Scientiarum
889 2886 1053 2986 Regiam,
1082 2895 1204 2986 qua'm

132 3025 212 3078 non
235 3000 302 3077 nisr
321 3001 429 3100 ipsius
453 2998 559 3098 Regii
578 2999 770 3077 Sandioris
785 2998 938 3077 Consilii
959 3003 996 3075 in
1014 2999 1072 3075 his
1090 3007 1202 3078 terris

133 3138 242 3191 curae
266 3129 303 3190 et
333 3112 467 3189 tutelae
500 3113 692 3189 subiedam
717 3109 785 3190 else
820 3113 957 3202 voluit,
1002 3113 1202 3191 Societatis

132 3225 441 3312 Commentarios,
456 3222 653 3303 Librorum
668 3237 855 3303 nouorum
876 3225 1069 3315 Recensus,
1100 3249 1201 3326 quo·

133 3364 219 3415 rum
240 3354 337 3416 certe
364 3354 595 3416 momentum
623 3362 702 3415 non
726 3338 809 3416 leue
838 3341 907 3417 suit
930 3340 974 3415 ad
1000 3362 1077 3416 rem
1101 3339 1200 3418 Ger·

132 3453 275 3530 maniae
311 3451 522 3528 litterariam
558 3450 786 3540 uniuersam,
843 3451 1003 3530 Praemia
1041 3454 1198 3552 publice

132 3566 404 3666 quaestionibus
426 3564 549 3665 positis
575 3566 776 3664 proposta,
812 3564 882 3642 llle
907 3590 984 3643 non
1011 3568 1108 3641 inter
1135 3591 1200 3644 or-

133 3692 303 3756 namenta
325 3678 439 3755 modo
463 3678 610 3766 habuit,
645 3677 704 3754 sed
723 3681 818 3754 inter
841 3704 900 3755 eas
919 3703 976 3755 res
996 3676 1066 3755 else
1082 3696 1194 3780 puta·

135 3794 208 3882 vit,
251 3813 345 3890 quae
370 3804 559 3890 torporem
589 3792 796 3868 animorum
827 3793 1088 3890 abstergerent,
1130 3819 1193 3885 ne,

133 3904 171 3980 in
192 3904 333 4003 vulgari
358 3904 628 4004 disciplinarum
652 3904 906 3984 tradendarum
924 3907 1033 3996 orbe,
1056 3929 1195 3986 annuo

132 4032 194 4094 aut
211 4018 364 4094 semestri
380 4018 494 4103 cursu,
515 4018 730 4107 circumcidi,
760 4017 1040 4118 locupletandae
1057 4019 1196 4098 (1οᾶῐί-

130 4153 199 4206 nae
219 4145 255 4207 et
271 4132 471 4206 litterarum
489 4155 611 4206 curam
628 4131 1048 4209 amitterentacademici
1063 4132 1194 4211 dotiu-

128 4267 206 4339 res3
234 4243 952 4345 easdemelle,quaeGeorgiaeAugustae
967 4246 1192 4348 peculiarem

1026 4359 1186 4460 aliquam
