710 1313
270 260 415 274 ——-,-.
572 270 609 288 341

128 305 215 325 Vidimus
228 306 289 325 adhuc
300 306 386 325 auctores*
395 307 487 331 potiores,
503 307 539 331 'qui
551 312 572 326 ea
585 307 609 326 de
634 329 640 335 V

70 340 90 354 re
100 334 221 357 tradiderant,
237 335 244 358 (
253 341 296 354 nam
308 335 396 354 seriorum
406 335 514 361 scriptorum
524 335 554 355 vel
562 338 608 360 poe-

70 367 131 382 tarum
139 363 189 385 looe,
205 364 237 388 qui
246 367 336 383 ornarunt
344 363 437 386 fabulam,
457 365 477 383 in
489 363 564 383 censum
576 364 607 383 hic

69 398 109 411 non
118 392 210 414 veniunt)
227 392 312 417 plerique
324 398 367 411 cum
382 393 533 418 interpremtione
545 393 607 417 aliqua

68 420 144 440 adiessa.
188 419 236 440 Cum
252 421 322 445 primos
337 420 381 440 illos
393 421 506 446 antiquiores
523 421 606 441 austores

68 454 107 468 non
117 449 226 472 habeamus,
241 455 277 468 nec
291 449 336 474 quid
349 449 377 468 illi
389 449 506 471 tradiderint,
525 449 565 469 satis
577 455 606 469 ao-

67 481 130 496 eurate
140 481 245 497 teneamus:
259 477 282 497 de
291 483 335 497 vero
343 477 416 497 fabulae
424 478 475 497 sensu
484 479 515 497 vix
523 484 607 503 vnquarn

67 506 108 525 satis
121 509 162 525 tuto
174 506 245 531 aliquid
261 506 376 531 pronuntiari
388 506 437 531 posse
449 506 565 526 manifestum
578 506 605 526 fit.

67 534 87 554 Si
104 538 166 554 tamen
182 535 273 554 iudicium
284 540 308 554 ex
321 534 385 553 indole
400 538 483 554 veterum
495 535 604 560 mythorum

67 563 120 582 simili
134 569 158 582 ue
166 563 241 582 aliarum
251 563 355 582 fabularum
365 566 407 582 ortu
415 563 512 583 ferendum
522 563 553 585 est,
564 566 604 583 tota

65 592 112 611 haec
134 598 144 611 e
157 592 229 616 urigine
238 591 330 611 Arcadum
339 595 381 611 aute
393 591 466 611 Lunam
476 592 557 611 narratio
569 592 604 611 du-

66 620 93 639 έῖει
105 621 129 639 est
141 626 151 639 a
164 621 240 639 nomine
254 620 389 646 Prafilmorum,
407 620 458 645 quod
467 621 486 639 in
497 624 558 639 vetere
570 620 604 639 ali-

65 654 105 674 quo
113 649 193 668 carmine
202 648 231 668 vel
239 648 327 674 scriptore
335 649 449 672 occurrebat,
466 653 485 668 et
493 650 545 668 cuius
556 649 604 668 adeo

64 678 93 696 vis
105 681 123 697 et
137 678 184 697 ratio
196 683 220 696 ex
233 683 257 697 eo
270 677 310 697 solo
323 678 450 697 constituenda
461 681 506 697 erat.
543 677 601 697 Nunc

64 712 107 726 cum
119 706 244 725 austoritatem
256 706 307 725 illam
317 712 357 725 non
369 706 468 725 habeamus
481 712 543 731 neque
555 706 602 725 adeo

63 736 161 754 veritatem
172 734 229 760 ipsam
239 739 302 754 tenete
314 740 411 759 queamus,
424 734 447 754 ad
458 734 601 754 coniedlationes

63 763 174 782 descendere
182 763 235 786 licet;
251 763 350 782 videndum
360 763 418 782 modo
425 763 459 786 est,
474 766 495 782 vt
503 763 603 788 antiquin-

63 793 87 811 tis
96 793 153 816 genio
165 792 207 810 illae
219 791 259 810 satis
273 792 405 811 consentaneae
416 792 456 811 sint.
486 791 525 811 Iam
537 795 600 811 autem

63 825 83 839 et
96 820 141 840 ulim
149 820 218 839 multae
225 820 349 839 diuinationes
359 821 379 839 in
390 820 472 839 medium
481 820 545 839 allatae
553 820 600 844 sunt,
616 820 619 823 ’

63 853 82 868 et
91 855 142 868 nunc
154 849 199 868 aliae
214 848 274 868 afferri
282 848 365 874 polsunt:
387 849 411 868 de
424 849 493 874 quibus
505 849 601 868 videamus

61 877 154 902 sigillatim
166 877 211 903 quid
224 877 340 896 statuendum
349 877 376 897 sit.

119 933 206 954 Omnino
228 937 290 953 autem
312 933 454 953 Proselenorum
474 939 544 953 nomen
565 933 600 952 im-

61 962 142 988 politum
157 963 259 982 Arcadibus
272 962 330 982 videri
347 963 406 988 potest
421 966 461 984 aut,
488 961 540 987 quod
557 965 600 981 ante

62 991 127 1010 Lunae
141 991 222 1014 cultum,
243 997 306 1010 remue
319 991 399 1016 aliquam
412 991 435 1010 de
451 990 505 1010 Luna
517 990 599 1015 mythice

61 1020 156 1043 traditam,
177 1019 270 1039 Arcadum
281 1024 356 1044 gentem
369 1019 445 1039 extitiffe
458 1022 525 1038 norant
537 1019 599 1040 homi-

60 1054 105 1070 nes,
120 1052 150 1068 aut
162 1048 214 1073 quod
226 1047 290 1067 Lunae
304 1048 447 1073 descriptionem
456 1052 475 1067 et
487 1047 600 1067 obseruatio-

61 1083 106 1096 nem
117 1077 215 1097 serim-ibus
224 1077 299 1096 demum
308 1077 397 1096 aetatibus
407 1077 454 1096 inter
462 1082 494 1095 eos
505 1079 599 1101 receptam

61 1105 138 1131 viguisse
150 1105 251 1125 constabat.
287 1104 350 1125 Habet
361 1109 437 1130 vtraque
448 1105 514 1130 opinio
528 1110 566 1129 quo
580 1104 598 1123 se

60 1138 144 1157 tueatur,
159 1134 248 1159 posterior
262 1134 317 1153 etiam
328 1134 437 1159 exemplum
444 1137 463 1155 et
472 1133 598 1153 aussoritatem

60 1167 144 1183 veterum
157 1163 272 1188 scriptorum

294 1218 298 1221 ⁴
314 1217 332 1237 Y
348 1223 357 1241 3
540 1215 599 1236 Fuisse
