710 1313
97 236 146 254 inter
155 238 223 254 ceteras
232 233 290 260 Mufis
297 234 383 259 propriae
391 237 410 253 et
414 234 528 253 consecratae
537 234 636 256 habentur,

97 264 171 289 poetice
185 266 203 282 et
211 262 287 285 mussoe,
303 268 326 282 ex
339 262 484 282 academiarum
497 262 636 288 disciplinarum

98 292 145 311 orbe
156 295 228 311 tantum
240 297 280 310 non
294 291 368 310 exulare
385 291 443 310 videri
456 290 533 316 possint3
554 294 576 310 vt
588 291 636 310 adeo

97 320 162 340 Musae
175 326 213 339 non
226 319 284 339 modo
298 325 321 338 ex
334 319 421 339 siluarum
433 319 530 339 receffibus
544 319 636 339 fontium-

98 354 135 374 que
143 349 243 374 frigoribus
251 349 270 367 in
279 348 348 373 oppida
358 352 377 367 et
385 348 485 371 auditoria,
503 354 527 367 ex
534 348 636 367 solitudine

99 381 118 397 et
127 377 198 397 silentio
211 377 360 396 interclamores
372 377 494 402 strepitusque
506 376 636 396 cathedrarum

98 406 202 428 tradudae,
215 411 280 425 verum
292 405 346 424 etiam
359 411 383 424 ex
391 405 441 424 sacro
449 409 512 424 vatum
526 405 595 427 choro,
612 410 637 424 ex

98 434 164 454 mediis
177 433 274 454 Charitum
286 433 403 459 amplexibus
414 434 510 459 abreptae,
531 435 551 453 in
567 437 636 453 eontu-

98 463 194 485 bernium,
215 468 239 482 ne
251 468 293 487 quis
305 462 416 487 ergastulum
428 462 486 485 dim,
505 468 568 481 earum
582 462 636 481 disci-

98 488 192 517 plinarum
209 497 230 510 ac
241 491 357 510 scientiarum
372 491 454 510 detrusae
467 490 511 513 snt
528 491 578 511 inter
589 496 636 516 quas

98 520 178 539 citharae
193 520 286 552 tibiaeque
303 522 368 538 oentus
385 525 424 538 non
440 520 502 539 minus
513 519 585 538 alienus
600 518 635 538 effe

98 548 188 570 videatur,
201 553 258 573 quam
266 548 287 566 iis
296 548 316 566 in
323 547 376 570 locis,
390 547 439 567 vnde
448 548 525 567 exaudiri
530 549 600 572 gemitus
605 548 634 571 *).

98 576 140 596 Nec
156 577 217 596 minus
231 579 293 595 umen
308 575 403 595 fatendum
415 576 440 595 est
452 576 511 596 aliena
526 576 561 595 effe
573 576 636 596 Musa-

98 611 141 625 rum
152 605 227 627 nomina
238 608 257 624 et
264 605 350 624 attributa
360 605 383 624 ab
393 605 481 624 omnibus
489 605 525 624 illis
536 605 634 627 aetatibus,

98 634 167 659 quibus
177 633 254 653 Graecia
261 632 350 659 Italiaque
364 633 429 653 litteris
438 634 545 659 artibusque
558 633 633 657 floruit;

98 668 134 682 nec
147 661 205 682 Musis
218 662 321 681 consecrata
332 661 368 681 suit
379 662 505 687 philosophia,
519 662 634 687 eloquentia,

97 691 190 711 medioina
199 694 231 710 aut
240 690 275 710 alia
283 690 383 716 disciplina
412 690 459 714 Quo
468 691 507 715 ipso
516 690 635 715 intelligitur,

97 725 160 744 neque
175 719 212 739 illis
224 719 313 738 aetatibus
330 719 425 740 Musarum
437 725 507 738 nomen
522 718 557 738 effe
568 720 637 738 inuen-

97 751 150 771 tum;
170 748 222 773 quod
229 747 244 766 Τι
255 748 304 766 enirn
315 751 355 766 tum
365 748 440 767 demum
454 747 591 773 philosophiam
605 747 637 767 lit-

98 779 146 795 teras
164 780 249 801 artesque
264 776 348 795 liberales
367 776 467 800 symbolice
486 777 590 801 exprimere
602 782 637 795 vo-

97 804 172 824 luiss‘ent
184 804 279 827 homines,
298 804 341 823 alias
351 805 364 823 ii
375 804 424 824 haud
437 805 493 824 dubie
506 804 568 824 Musas
579 804 636 824 indu-

98 833 165 853 xissent
179 833 269 858 aliterque
282 836 345 852 earum
356 834 433 852 nomina
442 835 460 852 et
468 834 554 852 attributa
567 833 637 852 consti-

98 861 182 883 tuiffent,
202 867 259 886 quam
270 865 289 880 vt
301 867 311 880 a
322 865 388 884 cantu,
407 862 488 881 carmine
502 865 521 881 et
531 862 635 885 saltatione.

98 896 120 910 en
133 893 222 915 peterent.
550 889 552 891 '

100 198 141 216 300

156 944 207 965 Inter
223 945 269 964 haee
279 945 351 964 animus
363 944 455 964 delabitur
466 945 488 964 ad
502 945 553 964 illam
565 945 638 970 cogita-

99 974 183 996 tionem,
195 973 260 999 paullo
273 973 388 998 grauiorem,
404 979 461 998 quam
472 973 541 993 diuersa
553 977 572 993 et
582 980 591 993 a
601 980 637 993 no-

99 1003 139 1022 stris
150 1003 240 1022 aetatibus
251 1002 311 1021 aliena
324 1002 409 1021 scientiae
421 1006 440 1021 et
451 1002 544 1022 dustrinae
557 1003 604 1022 ratio
618 1006 638 1022 et

99 1031 200 1051 aestimatio
212 1031 261 1050 inter
277 1036 309 1050 eos
327 1030 412 1050 homines
430 1030 465 1050 eise
480 1031 575 1053 debuerit,
603 1032 638 1056 qui

98 1060 154 1085 primi
162 1059 231 1079 litteras
243 1059 283 1079 suas
293 1059 386 1084 Apollinis
395 1063 414 1078 et
420 1058 515 1079 Musarum
528 1060 638 1079 nominibus

99 1088 206 1108 wnfecrare
223 1088 327 1108 voluerunt.
358 1087 412 1111 Qxae
424 1092 453 1107 res
461 1094 504 1107 cum
516 1089 580 1114 paucis
589 1088 641 1108 forto

553 1117 639 1137 animad-

120 1149 140 1170 ‘J
150 1150 192 1166 Aen.
200 1147 228 1169 Vl,
235 1153 272 1170 557.
