<?xml version="1.0" encoding="UTF-8"?>
<!DOCTYPE html PUBLIC "-//W3C//DTD XHTML 1.0 Transitional//EN"
    "http://www.w3.org/TR/xhtml1/DTD/xhtml1-transitional.dtd">
<html xmlns="http://www.w3.org/1999/xhtml" xml:lang="en" lang="en">
 <head>
  <title>
</title>
<meta http-equiv="Content-Type" content="text/html;charset=utf-8" />
  <meta name='ocr-system' content='tesseract 3.04.00' />
  <meta name='ocr-capabilities' content='ocr_page ocr_carea ocr_par ocr_line ocrx_word'/>
</head>
<body>
  <div class='ocr_page' id='page_1' title='image "./chrgheyniiprofe01heyngoog_0052.png"; bbox 0 0 2542 4942; ppageno 0'>
   <div class='ocr_carea' id='block_1_1' title="bbox 125 656 1116 893">
    <p class='ocr_par' dir='ltr' id='par_1_1' title="bbox 125 656 1116 893">
     <span class='ocr_line' id='line_1_1' title="bbox 1054 656 1116 728; baseline 0 0"><span class='ocrx_word' id='word_1_1' title='bbox 1054 656 1116 728; x_wconf 35' lang='lat'>39.</span> 
     </span>
     <span class='ocr_line' id='line_1_2' title="bbox 125 741 1103 893; baseline 0.007 -27"><span class='ocrx_word' id='word_1_2' title='bbox 125 786 180 867; x_wconf 88' lang='lat' dir='ltr'>In&#39;</span> <span class='ocrx_word' id='word_1_3' title='bbox 194 789 391 866; x_wconf 87' lang='lat' dir='ltr'>adulteros</span> <span class='ocrx_word' id='word_1_4' title='bbox 417 741 481 865; x_wconf 83' lang='lat' dir='ltr'>lex</span> <span class='ocrx_word' id='word_1_5' title='bbox 504 787 716 877; x_wconf 89' lang='lat' dir='ltr'>constituta,</span> <span class='ocrx_word' id='word_1_6' title='bbox 755 801 793 864; x_wconf 80' lang='lat' dir='ltr'>vt</span> <span class='ocrx_word' id='word_1_7' title='bbox 814 749 929 878; x_wconf 67' lang='lat' dir='ltr'>oculis,</span> <span class='ocrx_word' id='word_1_8' title='bbox 966 795 1103 893; x_wconf 87' lang='lat' dir='ltr'>quibus</span> 
     </span>
    </p>
   </div>
   <div class='ocr_carea' id='block_1_2' title="bbox 35 897 1113 2009">
    <p class='ocr_par' dir='ltr' id='par_1_2' title="bbox 35 897 1113 2009">
     <span class='ocr_line' id='line_1_3' title="bbox 36 897 1113 1006; baseline 0.003 -26"><span class='ocrx_word' id='word_1_9' title='bbox 36 903 111 980; x_wconf 77' lang='lat' dir='ltr'>mele</span> <span class='ocrx_word' id='word_1_10' title='bbox 132 904 190 979; x_wconf 80' lang='lat' dir='ltr'>uli.</span> <span class='ocrx_word' id='word_1_11' title='bbox 212 903 350 992; x_wconf 73' lang='lat' dir='ltr'>client,</span> <span class='ocrx_word' id='word_1_12' title='bbox 380 907 598 1002; x_wconf 79' lang='lat' dir='ltr'>prieurentur</span> <span class='ocrx_word' id='word_1_13' title='bbox 626 897 686 1000; x_wconf 87' lang='lat' dir='ltr'>c).</span> <span class='ocrx_word' id='word_1_14' title='bbox 761 902 886 998; x_wconf 85' lang='lat' dir='ltr'>Quam</span> <span class='ocrx_word' id='word_1_15' title='bbox 910 906 1034 1006; x_wconf 87' lang='lat' dir='ltr'>legem</span> <span class='ocrx_word' id='word_1_16' title='bbox 1060 912 1113 986; x_wconf 40' lang='lat' dir='ltr'>in.</span> 
     </span>
     <span class='ocr_line' id='line_1_4' title="bbox 36 1014 1100 1115; baseline 0.009 -25"><span class='ocrx_word' id='word_1_17' title='bbox 36 1014 96 1092; x_wconf 79' lang='lat' dir='ltr'>lilio</span> <span class='ocrx_word' id='word_1_18' title='bbox 127 1018 305 1097; x_wconf 85' lang='lat' dir='ltr'>adulterii</span> <span class='ocrx_word' id='word_1_19' title='bbox 332 1041 401 1105; x_wconf 80' lang='lat' dir='ltr'>reo</span> <span class='ocrx_word' id='word_1_20' title='bbox 433 1019 483 1097; x_wconf 86' lang='lat' dir='ltr'>ita</span> <span class='ocrx_word' id='word_1_21' title='bbox 515 1015 725 1115; x_wconf 69' lang='lat' dir='ltr'>temperasse</span> <span class='ocrx_word' id='word_1_22' title='bbox 761 1018 876 1095; x_wconf 86' lang='lat' dir='ltr'>fertur</span> <span class='ocrx_word' id='word_1_23' title='bbox 899 1020 1100 1113; x_wconf 83' lang='lat' dir='ltr'><strong>Zaleucus,</strong></span> 
     </span>
     <span class='ocr_line' id='line_1_5' title="bbox 35 1129 1100 1233; baseline 0.01 -31"><span class='ocrx_word' id='word_1_24' title='bbox 35 1149 66 1205; x_wconf 81' lang='lat' dir='ltr'>rt</span> <span class='ocrx_word' id='word_1_25' title='bbox 83 1132 240 1208; x_wconf 88' lang='lat' dir='ltr'>alterum</span> <span class='ocrx_word' id='word_1_26' title='bbox 267 1132 424 1209; x_wconf 89' lang='lat' dir='ltr'>oculum</span> <span class='ocrx_word' id='word_1_27' title='bbox 451 1129 549 1220; x_wconf 90' lang='lat' dir='ltr'>filio,</span> <span class='ocrx_word' id='word_1_28' title='bbox 588 1130 742 1207; x_wconf 88' lang='lat' dir='ltr'>alterum</span> <span class='ocrx_word' id='word_1_29' title='bbox 766 1132 833 1208; x_wconf 83' lang='lat' dir='ltr'>sibi</span> <span class='ocrx_word' id='word_1_30' title='bbox 859 1133 925 1233; x_wconf 79' lang='lat' dir='ltr'>ipsi</span> <span class='ocrx_word' id='word_1_31' title='bbox 950 1149 1100 1213; x_wconf 85' lang='lat' dir='ltr'>excute-</span> 
     </span>
     <span class='ocr_line' id='line_1_6' title="bbox 36 1245 1107 1345; baseline 0.008 -27"><span class='ocrx_word' id='word_1_32' title='bbox 36 1260 87 1320; x_wconf 87' lang='lat' dir='ltr'>ret</span> <span class='ocrx_word' id='word_1_33' title='bbox 144 1246 286 1345; x_wconf 87' lang='lat' dir='ltr'>Neque</span> <span class='ocrx_word' id='word_1_34' title='bbox 314 1260 436 1322; x_wconf 89' lang='lat' dir='ltr'>tamen</span> <span class='ocrx_word' id='word_1_35' title='bbox 466 1245 541 1324; x_wconf 89' lang='lat' dir='ltr'>hoc</span> <span class='ocrx_word' id='word_1_36' title='bbox 570 1260 813 1323; x_wconf 89' lang='lat' dir='ltr'>memoratum</span> <span class='ocrx_word' id='word_1_37' title='bbox 837 1248 1018 1339; x_wconf 85' lang='lat' dir='ltr'>vidimus,</span> <span class='ocrx_word' id='word_1_38' title='bbox 1049 1274 1107 1327; x_wconf 83' lang='lat' dir='ltr'>am</span> 
     </span>
     <span class='ocr_line' id='line_1_7' title="bbox 37 1360 1107 1457; baseline 0.005 -23"><span class='ocrx_word' id='word_1_39' title='bbox 37 1360 130 1435; x_wconf 89' lang='lat' dir='ltr'>multi</span> <span class='ocrx_word' id='word_1_40' title='bbox 158 1363 345 1438; x_wconf 82' lang='lat' dir='ltr'>excaecati</span> <span class='ocrx_word' id='word_1_41' title='bbox 374 1360 631 1438; x_wconf 86' lang='lat' dir='ltr'>incedentibus</span> <span class='ocrx_word' id='word_1_42' title='bbox 656 1382 722 1457; x_wconf 91' lang='lat' dir='ltr'>per</span> <span class='ocrx_word' id='word_1_43' title='bbox 749 1362 824 1436; x_wconf 87' lang='lat' dir='ltr'>vias</span> <span class='ocrx_word' id='word_1_44' title='bbox 845 1361 944 1437; x_wconf 86' lang='lat' dir='ltr'>vrbis</span> <span class='ocrx_word' id='word_1_45' title='bbox 968 1386 1107 1441; x_wconf 49' lang='lat' dir='ltr'>occur-1</span> 
     </span>
     <span class='ocr_line' id='line_1_8' title="bbox 37 1472 1097 1576; baseline 0.007 -29"><span class='ocrx_word' id='word_1_46' title='bbox 37 1472 189 1550; x_wconf 87' lang='lat' dir='ltr'>hueriut.</span> <span class='ocrx_word' id='word_1_47' title='bbox 252 1472 380 1551; x_wconf 87' lang='lat' dir='ltr'>Potuit</span> <span class='ocrx_word' id='word_1_48' title='bbox 399 1488 523 1551; x_wconf 86' lang='lat' dir='ltr'>autem</span> <span class='ocrx_word' id='word_1_49' title='bbox 539 1472 839 1572; x_wconf 88' lang='lat' dir='ltr'>seuerioraliquis</span> <span class='ocrx_word' id='word_1_50' title='bbox 856 1474 950 1551; x_wconf 92' lang='lat' dir='ltr'>illud</span> <span class='ocrx_word' id='word_1_51' title='bbox 966 1477 1097 1576; x_wconf 85' lang='lat' dir='ltr'>ipsum,</span> 
     </span>
     <span class='ocr_line' id='line_1_9' title="bbox 40 1585 1101 1685; baseline 0.005 -23"><span class='ocrx_word' id='word_1_52' title='bbox 40 1588 130 1685; x_wconf 88' lang='lat' dir='ltr'>quod</span> <span class='ocrx_word' id='word_1_53' title='bbox 160 1589 224 1664; x_wconf 91' lang='lat' dir='ltr'>alii</span> <span class='ocrx_word' id='word_1_54' title='bbox 255 1612 275 1662; x_wconf 89' lang='lat' dir='ltr'>a</span> <span class='ocrx_word' id='word_1_55' title='bbox 303 1587 469 1669; x_wconf 89' lang='lat' dir='ltr'>Zaleuco</span> <span class='ocrx_word' id='word_1_56' title='bbox 496 1585 630 1662; x_wconf 79' lang='lat' dir='ltr'>fatlum</span> <span class='ocrx_word' id='word_1_57' title='bbox 664 1589 863 1679; x_wconf 84' lang='lat' dir='ltr'>mirantur,</span> <span class='ocrx_word' id='word_1_58' title='bbox 925 1591 965 1663; x_wconf 95' lang='lat' dir='ltr'>in</span> <span class='ocrx_word' id='word_1_59' title='bbox 1001 1589 1101 1667; x_wconf 84' lang='lat' dir='ltr'>frau-</span> 
     </span>
     <span class='ocr_line' id='line_1_10' title="bbox 40 1700 1100 1801; baseline 0.001 -26"><span class='ocrx_word' id='word_1_60' title='bbox 40 1701 113 1776; x_wconf 88' lang='lat' dir='ltr'>dem</span> <span class='ocrx_word' id='word_1_61' title='bbox 133 1701 231 1801; x_wconf 85' lang='lat' dir='ltr'>legis</span> <span class='ocrx_word' id='word_1_62' title='bbox 256 1701 392 1778; x_wconf 76' lang='lat' dir='ltr'>fadum</span> <span class='ocrx_word' id='word_1_63' title='bbox 419 1702 560 1787; x_wconf 86' lang='lat' dir='ltr'>dicere,</span> <span class='ocrx_word' id='word_1_64' title='bbox 598 1724 682 1776; x_wconf 89' lang='lat' dir='ltr'>cum</span> <span class='ocrx_word' id='word_1_65' title='bbox 711 1700 839 1799; x_wconf 86' lang='lat' dir='ltr'>legum</span> <span class='ocrx_word' id='word_1_66' title='bbox 871 1702 992 1778; x_wconf 78' lang='lat' dir='ltr'>verbis</span> <span class='ocrx_word' id='word_1_67' title='bbox 1014 1701 1100 1779; x_wconf 82' lang='lat' dir='ltr'>ellet</span> 
     </span>
     <span class='ocr_line' id='line_1_11' title="bbox 39 1814 1100 1901; baseline 0.004 -13"><span class='ocrx_word' id='word_1_68' title='bbox 39 1815 313 1901; x_wconf 77' lang='lat' dir='ltr'>inhaerendum,</span> <span class='ocrx_word' id='word_1_69' title='bbox 345 1839 424 1892; x_wconf 93' lang='lat' dir='ltr'>non</span> <span class='ocrx_word' id='word_1_70' title='bbox 454 1816 556 1891; x_wconf 88' lang='lat' dir='ltr'>verbi</span> <span class='ocrx_word' id='word_1_71' title='bbox 584 1814 742 1891; x_wconf 75' lang='lat' dir='ltr'>autfatn</span> <span class='ocrx_word' id='word_1_72' title='bbox 768 1814 1003 1892; x_wconf 86' lang='lat' dir='ltr'>cauillatione</span> <span class='ocrx_word' id='word_1_73' title='bbox 1020 1839 1100 1892; x_wconf 89' lang='lat' dir='ltr'>ver-</span> 
     </span>
     <span class='ocr_line' id='line_1_12' title="bbox 41 1928 462 2009; baseline -0.01 -2"><span class='ocrx_word' id='word_1_74' title='bbox 41 1928 165 2007; x_wconf 89' lang='lat' dir='ltr'>borum</span> <span class='ocrx_word' id='word_1_75' title='bbox 190 1931 246 2008; x_wconf 80' lang='lat' dir='ltr'>vis</span> <span class='ocrx_word' id='word_1_76' title='bbox 270 1928 462 2009; x_wconf 88' lang='lat' dir='ltr'>eludenda.</span> 
     </span>
    </p>
   </div>
   <div class='ocr_carea' id='block_1_3' title="bbox 24 2099 1159 2887">
    <p class='ocr_par' dir='ltr' id='par_1_3' title="bbox 24 2099 1159 2775">
     <span class='ocr_line' id='line_1_13' title="bbox 24 2099 1104 2222; baseline 0 -43"><span class='ocrx_word' id='word_1_77' title='bbox 24 2190 26 2222; x_wconf 54' lang='grc' dir='ltr'>Ι</span> <span class='ocrx_word' id='word_1_78' title='bbox 141 2099 202 2179; x_wconf 90' lang='lat' dir='ltr'>De</span> <span class='ocrx_word' id='word_1_79' title='bbox 254 2102 385 2180; x_wconf 84' lang='lat' dir='ltr'>Iuribus</span> <span class='ocrx_word' id='word_1_80' title='bbox 423 2108 569 2205; x_wconf 77' lang='lat' dir='ltr'>prietatis</span> <span class='ocrx_word' id='word_1_81' title='bbox 605 2104 710 2205; x_wconf 90' lang='lat' dir='ltr'>quod</span> <span class='ocrx_word' id='word_1_82' title='bbox 749 2108 1104 2192; x_wconf 78' lang='lat' dir='ltr'>continemorernus,&#39;&#39;</span> 
     </span>
     <span class='ocr_line' id='line_1_14' title="bbox 24 2212 1098 2319; baseline 0.003 -29"><span class='ocrx_word' id='word_1_83' title='bbox 24 2212 206 2291; x_wconf 74' lang='lat' dir='ltr'>habemus</span> <span class='ocrx_word' id='word_1_84' title='bbox 230 2217 343 2305; x_wconf 88' lang='lat' dir='ltr'>illud,</span> <span class='ocrx_word' id='word_1_85' title='bbox 374 2220 478 2317; x_wconf 92' lang='lat' dir='ltr'>quod</span> <span class='ocrx_word' id='word_1_86' title='bbox 504 2220 601 2319; x_wconf 90' lang='lat' dir='ltr'>apud</span> <span class='ocrx_word' id='word_1_87' title='bbox 630 2218 846 2299; x_wconf 83' lang='lat' dir='ltr'>Strabonem</span> <span class='ocrx_word' id='word_1_88' title='bbox 874 2241 922 2297; x_wconf 82' lang='lat' dir='ltr'>ex</span> <span class='ocrx_word' id='word_1_89' title='bbox 945 2215 1098 2318; x_wconf 85' lang='lat' dir='ltr'>Ephoro</span> 
     </span>
     <span class='ocr_line' id='line_1_15' title="bbox 42 2328 1098 2434; baseline 0.006 -32"><span class='ocrx_word' id='word_1_90' title='bbox 42 2328 180 2409; x_wconf 85' lang='lat' dir='ltr'>affertur</span> <span class='ocrx_word' id='word_1_91' title='bbox 196 2331 249 2427; x_wconf 85' lang='lat' dir='ltr'>d),</span> <span class='ocrx_word' id='word_1_92' title='bbox 279 2331 485 2411; x_wconf 85' lang='lat' dir='ltr'>Zaleucum</span> <span class='ocrx_word' id='word_1_93' title='bbox 500 2337 538 2409; x_wconf 81' lang='lat' dir='ltr'>de</span> <span class='ocrx_word' id='word_1_94' title='bbox 546 2333 763 2409; x_wconf 67' lang='lat' dir='ltr'>conuallibus</span> <span class='ocrx_word' id='word_1_95' title='bbox 774 2333 960 2434; x_wconf 57' lang='lat' dir='ltr'>sinpliciter,</span> <span class='ocrx_word' id='word_1_96' title='bbox 986 2355 1098 2430; x_wconf 81' lang='lat' dir='ltr'>quani</span> 
     </span>
     <span class='ocr_line' id='line_1_16' title="bbox 47 2441 1100 2551; baseline 0.007 -35"><span class='ocrx_word' id='word_1_97' title='bbox 47 2441 126 2518; x_wconf 85' lang='lat' dir='ltr'>alios</span> <span class='ocrx_word' id='word_1_98' title='bbox 156 2442 457 2544; x_wconf 78' lang='lat' dir='ltr'>legumlatores,</span> <span class='ocrx_word' id='word_1_99' title='bbox 502 2449 581 2544; x_wconf 82' lang='lat' dir='ltr'>leger</span> <span class='ocrx_word' id='word_1_100' title='bbox 598 2449 679 2550; x_wconf 77' lang='lat' dir='ltr'>suas</span> <span class='ocrx_word' id='word_1_101' title='bbox 708 2443 907 2551; x_wconf 73' lang='lat' dir='ltr'>destripfiffe.</span> <span class='ocrx_word' id='word_1_102' title='bbox 981 2444 1100 2543; x_wconf 81' lang='lat' dir='ltr'>Quod</span> 
     </span>
     <span class='ocr_line' id='line_1_17' title="bbox 48 2558 1159 2652; baseline 0.005 -22"><span class='ocrx_word' id='word_1_103' title='bbox 48 2577 146 2652; x_wconf 88' lang='lat' dir='ltr'>quam</span> <span class='ocrx_word' id='word_1_104' title='bbox 165 2558 355 2635; x_wconf 87' lang='lat' dir='ltr'>salubriter</span> <span class='ocrx_word' id='word_1_105' title='bbox 374 2560 507 2640; x_wconf 76' lang='lat' dir='ltr'>fadum</span> <span class='ocrx_word' id='word_1_106' title='bbox 529 2559 631 2650; x_wconf 77' lang='lat' dir='ltr'>ess&#39;et,</span> <span class='ocrx_word' id='word_1_107' title='bbox 662 2585 741 2647; x_wconf 87' lang='lat' dir='ltr'>non</span> <span class='ocrx_word' id='word_1_108' title='bbox 766 2562 1098 2641; x_wconf 82' lang='lat' dir='ltr'>aninaaduertentes</span> <span class='ocrx_word' id='word_1_109' title='bbox 1154 2563 1159 2571; x_wconf 84' lang='lat'>&#39;</span> 
     </span>
     <span class='ocr_line' id='line_1_18' title="bbox 48 2665 1098 2775; baseline 0.001 -27"><span class='ocrx_word' id='word_1_110' title='bbox 48 2665 165 2753; x_wconf 77' lang='lat' dir='ltr'>Thurii</span> <span class='ocrx_word' id='word_1_111' title='bbox 184 2679 241 2767; x_wconf 85' lang='lat' dir='ltr'>c),</span> <span class='ocrx_word' id='word_1_112' title='bbox 283 2697 369 2754; x_wconf 86' lang='lat' dir='ltr'>curu</span> <span class='ocrx_word' id='word_1_113' title='bbox 399 2679 582 2753; x_wconf 89' lang='lat' dir='ltr'>contrario</span> <span class='ocrx_word' id='word_1_114' title='bbox 614 2675 730 2754; x_wconf 89' lang='lat' dir='ltr'>modo</span> <span class='ocrx_word' id='word_1_115' title='bbox 756 2674 896 2775; x_wconf 81' lang='lat' dir='ltr'>singula</span> <span class='ocrx_word' id='word_1_116' title='bbox 927 2674 972 2752; x_wconf 91' lang='lat' dir='ltr'>ad</span> <span class='ocrx_word' id='word_1_117' title='bbox 1001 2675 1098 2750; x_wconf 84' lang='lat' dir='ltr'>lum-</span> 
     </span>
    </p>

    <p class='ocr_par' dir='ltr' id='par_1_4' title="bbox 533 2785 1097 2887">
     <span class='ocr_line' id='line_1_19' title="bbox 533 2785 1097 2887; baseline -0.005 -19"><span class='ocrx_word' id='word_1_118' title='bbox 533 2785 618 2887; x_wconf 84' lang='lat' dir='ltr'>C4</span> <span class='ocrx_word' id='word_1_119' title='bbox 997 2811 1097 2867; x_wconf 82' lang='lat' dir='ltr'>naam</span> 
     </span>
    </p>
   </div>
   <div class='ocr_carea' id='block_1_4' title="bbox 81 2975 1106 3980">
    <p class='ocr_par' dir='ltr' id='par_1_5' title="bbox 84 2975 1106 3895">
     <span class='ocr_line' id='line_1_20' title="bbox 84 2975 1102 3064; baseline -0.002 -24"><span class='ocrx_word' id='word_1_120' title='bbox 84 2978 117 3060; x_wconf 82' lang='lat' dir='ltr'>r)</span> <span class='ocrx_word' id='word_1_121' title='bbox 137 2980 260 3045; x_wconf 78' lang='lat' dir='ltr'>Aelim.</span> <span class='ocrx_word' id='word_1_122' title='bbox 280 2978 321 3044; x_wconf 93' lang='lat' dir='ltr'>V.</span> <span class='ocrx_word' id='word_1_123' title='bbox 330 2978 373 3045; x_wconf 89' lang='lat' dir='ltr'>H.</span> <span class='ocrx_word' id='word_1_124' title='bbox 391 2977 477 3052; x_wconf 85' lang='grc' dir='ltr'>ΧΙΠ,</span> <span class='ocrx_word' id='word_1_125' title='bbox 495 2996 547 3059; x_wconf 80' lang='lat'>24.</span> <span class='ocrx_word' id='word_1_126' title='bbox 593 2975 661 3042; x_wconf 82' lang='lat' dir='ltr'>Vel.</span> <span class='ocrx_word' id='word_1_127' title='bbox 680 2978 761 3041; x_wconf 75' lang='lat' dir='ltr'>Max.</span> <span class='ocrx_word' id='word_1_128' title='bbox 776 2976 830 3049; x_wconf 84' lang='lat' dir='ltr'>vl,</span> <span class='ocrx_word' id='word_1_129' title='bbox 848 2993 876 3056; x_wconf 74' lang='grc'>5.</span> <span class='ocrx_word' id='word_1_130' title='bbox 888 2997 917 3057; x_wconf 84' lang='lat'>3.</span> <span class='ocrx_word' id='word_1_131' title='bbox 961 2976 1102 3064; x_wconf 76' lang='lat' dir='ltr'>Heracli·</span> 
     </span>
     <span class='ocr_line' id='line_1_21' title="bbox 144 3061 1100 3138; baseline -0.002 -12"><span class='ocrx_word' id='word_1_132' title='bbox 144 3066 198 3127; x_wconf 73' lang='lat' dir='ltr'>dee</span> <span class='ocrx_word' id='word_1_133' title='bbox 222 3063 368 3128; x_wconf 86' lang='lat' dir='ltr'>Ponticus</span> <span class='ocrx_word' id='word_1_134' title='bbox 389 3065 428 3124; x_wconf 89' lang='lat' dir='ltr'>de</span> <span class='ocrx_word' id='word_1_135' title='bbox 448 3062 586 3131; x_wconf 76' lang='lat' dir='ltr'>Politiia.</span> <span class='ocrx_word' id='word_1_136' title='bbox 620 3061 675 3138; x_wconf 80' lang='lat' dir='ltr'>uui</span> <span class='ocrx_word' id='word_1_137' title='bbox 695 3061 816 3124; x_wconf 87' lang='lat' dir='ltr'>lurtum</span> <span class='ocrx_word' id='word_1_138' title='bbox 840 3072 1009 3135; x_wconf 78' lang='lat' dir='ltr'>memorat,</span> <span class='ocrx_word' id='word_1_139' title='bbox 1046 3071 1100 3124; x_wconf 80' lang='lat' dir='ltr'>eut</span> 
     </span>
     <span class='ocr_line' id='line_1_22' title="bbox 145 3142 1100 3230; baseline -0.001 -22"><span class='ocrx_word' id='word_1_140' title='bbox 145 3149 254 3230; x_wconf 89' lang='lat' dir='ltr'>potius</span> <span class='ocrx_word' id='word_1_141' title='bbox 279 3146 382 3229; x_wconf 85' lang='lat' dir='ltr'>isqui</span> <span class='ocrx_word' id='word_1_142' title='bbox 410 3166 482 3208; x_wconf 81' lang='lat' dir='ltr'>euni</span> <span class='ocrx_word' id='word_1_143' title='bbox 509 3142 677 3224; x_wconf 80' lang='lat' dir='ltr'>excerpfit,</span> <span class='ocrx_word' id='word_1_144' title='bbox 717 3146 767 3208; x_wconf 91' lang='lat' dir='ltr'>tit.</span> <span class='ocrx_word' id='word_1_145' title='bbox 790 3145 857 3226; x_wconf 73' lang='lat' dir='ltr'>rapi</span> <span class='ocrx_word' id='word_1_146' title='bbox 878 3145 1018 3227; x_wconf 68' lang='grc' dir='ltr'><strong>Λοκρῶν,</strong></span> <span class='ocrx_word' id='word_1_147' title='bbox 1039 3145 1100 3227; x_wconf 50' lang='lat' dir='ltr'>¹virt</span> 
     </span>
     <span class='ocr_line' id='line_1_23' title="bbox 144 3226 1097 3293; baseline -0.003 0"><span class='ocrx_word' id='word_1_148' title='bbox 144 3232 376 3293; x_wconf 73' lang='lat' dir='ltr'>audiendur.‘v.</span> <span class='ocrx_word' id='word_1_149' title='bbox 390 3229 576 3292; x_wconf 74' lang='lat' dir='ltr'>perizomud</span> <span class='ocrx_word' id='word_1_150' title='bbox 596 3227 617 3289; x_wconf 92' lang='grc'>1.</span> <span class='ocrx_word' id='word_1_151' title='bbox 628 3227 649 3289; x_wconf 93' lang='grc' dir='ltr'>Ι.</span> <span class='ocrx_word' id='word_1_152' title='bbox 674 3226 807 3290; x_wconf 70' lang='lat' dir='ltr'>Aeliani.</span> <span class='ocrx_word' id='word_1_153' title='bbox 838 3227 969 3293; x_wconf 85' lang='lat' dir='ltr'>Slmson.</span> <span class='ocrx_word' id='word_1_154' title='bbox 981 3228 1097 3290; x_wconf 85' lang='lat' dir='ltr'>Chrou.</span> 
     </span>
     <span class='ocr_line' id='line_1_24' title="bbox 143 3311 1099 3394; baseline -0.004 -17"><span class='ocrx_word' id='word_1_155' title='bbox 143 3318 181 3377; x_wconf 77' lang='lat' dir='ltr'>ed</span> <span class='ocrx_word' id='word_1_156' title='bbox 205 3334 223 3392; x_wconf 83' lang='lat'>3</span> <span class='ocrx_word' id='word_1_157' title='bbox 229 3323 299 3389; x_wconf 73' lang='lat' dir='ltr'>sto.</span> <span class='ocrx_word' id='word_1_158' title='bbox 342 3311 504 3394; x_wconf 78' lang='lat' dir='ltr'>Aduersus</span> <span class='ocrx_word' id='word_1_159' title='bbox 520 3312 710 3394; x_wconf 76' lang='lat' dir='ltr'>plagiarios,</span> <span class='ocrx_word' id='word_1_160' title='bbox 733 3311 834 3375; x_wconf 83' lang='lat' dir='ltr'>itidem</span> <span class='ocrx_word' id='word_1_161' title='bbox 850 3315 881 3374; x_wconf 87' lang='lat' dir='ltr'>in</span> <span class='ocrx_word' id='word_1_162' title='bbox 896 3311 1099 3376; x_wconf 69' lang='lat' dir='ltr'>adulterorum</span> 
     </span>
     <span class='ocr_line' id='line_1_25' title="bbox 138 3392 1102 3483; baseline -0.007 -22"><span class='ocrx_word' id='word_1_163' title='bbox 138 3398 307 3481; x_wconf 80' lang='lat' dir='ltr'>fugitiuus,</span> <span class='ocrx_word' id='word_1_164' title='bbox 337 3397 487 3464; x_wconf 70' lang='lat' dir='ltr'>alacris</span> <span class='ocrx_word' id='word_1_165' title='bbox 512 3415 627 3480; x_wconf 82' lang='lat' dir='ltr'>poenus</span> <span class='ocrx_word' id='word_1_166' title='bbox 646 3392 700 3479; x_wconf 74' lang='lat' dir='ltr'>esse</span> <span class='ocrx_word' id='word_1_167' title='bbox 725 3397 910 3483; x_wconf 57' lang='lat' dir='ltr'>obauditurus,</span> <span class='ocrx_word' id='word_1_168' title='bbox 934 3396 1026 3456; x_wconf 80' lang='lat' dir='ltr'>etiam</span> <span class='ocrx_word' id='word_1_169' title='bbox 1046 3395 1102 3457; x_wconf 82' lang='lat' dir='ltr'>&#39;li-</span> 
     </span>
     <span class='ocr_line' id='line_1_26' title="bbox 144 3479 1101 3562; baseline -0.003 -19"><span class='ocrx_word' id='word_1_170' title='bbox 144 3504 270 3550; x_wconf 75' lang='lat' dir='ltr'>meeus,</span> <span class='ocrx_word' id='word_1_171' title='bbox 297 3485 348 3562; x_wconf 89' lang='lat' dir='ltr'>qui</span> <span class='ocrx_word' id='word_1_172' title='bbox 371 3485 406 3541; x_wconf 75' lang='lat' dir='ltr'>nd</span> <span class='ocrx_word' id='word_1_173' title='bbox 429 3501 484 3540; x_wconf 85' lang='lat' dir='ltr'>eos</span> <span class='ocrx_word' id='word_1_174' title='bbox 507 3479 667 3560; x_wconf 73' lang='lat' dir='ltr'>profectus</span> <span class='ocrx_word' id='word_1_175' title='bbox 682 3491 764 3544; x_wconf 82' lang='lat' dir='ltr'>erat.</span> <span class='ocrx_word' id='word_1_176' title='bbox 790 3479 1035 3560; x_wconf 81' lang='lat' dir='ltr'>deprehenderat</span> <span class='ocrx_word' id='word_1_177' title='bbox 1050 3496 1101 3557; x_wconf 77' lang='lat' dir='ltr'>ap.</span> 
     </span>
     <span class='ocr_line' id='line_1_27' title="bbox 145 3558 1101 3646; baseline -0.006 -20"><span class='ocrx_word' id='word_1_178' title='bbox 145 3564 254 3646; x_wconf 86' lang='lat' dir='ltr'>Polyb.</span> <span class='ocrx_word' id='word_1_179' title='bbox 277 3566 349 3627; x_wconf 76' lang='lat' dir='ltr'>Ere.</span> <span class='ocrx_word' id='word_1_180' title='bbox 370 3566 408 3624; x_wconf 94' lang='lat' dir='ltr'>de</span> <span class='ocrx_word' id='word_1_181' title='bbox 424 3563 463 3627; x_wconf 87' lang='lat' dir='ltr'>V.</span> <span class='ocrx_word' id='word_1_182' title='bbox 475 3562 554 3625; x_wconf 87' lang='lat' dir='ltr'>etV.</span> <span class='ocrx_word' id='word_1_183' title='bbox 581 3561 659 3641; x_wconf 86' lang='lat' dir='ltr'>(To.</span> <span class='ocrx_word' id='word_1_184' title='bbox 674 3562 725 3624; x_wconf 81' lang='grc' dir='ltr'><strong>ΙΙΙ.</strong></span> <span class='ocrx_word' id='word_1_185' title='bbox 746 3562 828 3643; x_wconf 89' lang='lat' dir='ltr'>Opp.</span> <span class='ocrx_word' id='word_1_186' title='bbox 844 3581 873 3642; x_wconf 85' lang='lat' dir='ltr'>p.</span> <span class='ocrx_word' id='word_1_187' title='bbox 885 3562 955 3639; x_wconf 83' lang='grc' dir='ltr'><strong>4ο.)</strong></span> <span class='ocrx_word' id='word_1_188' title='bbox 997 3558 1101 3632; x_wconf 81' lang='lat' dir='ltr'>Quem</span> 
     </span>
     <span class='ocr_line' id='line_1_28' title="bbox 143 3641 1106 3728; baseline -0.007 -19"><span class='ocrx_word' id='word_1_189' title='bbox 143 3649 207 3710; x_wconf 82' lang='lat' dir='ltr'>uim</span> <span class='ocrx_word' id='word_1_190' title='bbox 232 3647 317 3728; x_wconf 74' lang='lat' dir='ltr'>leget</span> <span class='ocrx_word' id='word_1_191' title='bbox 344 3649 380 3708; x_wconf 81' lang='lat' dir='ltr'>ed</span> <span class='ocrx_word' id='word_1_192' title='bbox 405 3647 604 3708; x_wconf 80' lang='lat' dir='ltr'>deterrendos</span> <span class='ocrx_word' id='word_1_193' title='bbox 638 3658 790 3708; x_wconf 77' lang='lat' dir='ltr'>amatores</span> <span class='ocrx_word' id='word_1_194' title='bbox 823 3645 889 3706; x_wconf 84' lang='lat' dir='ltr'>avi</span> <span class='ocrx_word' id='word_1_195' title='bbox 920 3641 1031 3704; x_wconf 78' lang='lat' dir='ltr'>amasio</span> <span class='ocrx_word' id='word_1_196' title='bbox 1055 3642 1106 3704; x_wconf 88' lang='lat' dir='ltr'>in·</span> 
     </span>
     <span class='ocr_line' id='line_1_29' title="bbox 141 3726 1104 3812; baseline -0.01 -17"><span class='ocrx_word' id='word_1_197' title='bbox 141 3731 269 3812; x_wconf 77' lang='lat' dir='ltr'>ferenda</span> <span class='ocrx_word' id='word_1_198' title='bbox 293 3732 473 3798; x_wconf 80' lang='lat' dir='ltr'>habuerint,</span> <span class='ocrx_word' id='word_1_199' title='bbox 496 3743 529 3791; x_wconf 79' lang='lat' dir='ltr'>ut</span> <span class='ocrx_word' id='word_1_200' title='bbox 547 3727 673 3805; x_wconf 80' lang='lat' dir='ltr'>mallent</span> <span class='ocrx_word' id='word_1_201' title='bbox 688 3728 792 3808; x_wconf 68' lang='lat' dir='ltr'>gulam</span> <span class='ocrx_word' id='word_1_202' title='bbox 810 3729 921 3807; x_wconf 79' lang='lat' dir='ltr'>laqueo</span> <span class='ocrx_word' id='word_1_203' title='bbox 948 3726 1104 3806; x_wconf 74' lang='lat' dir='ltr'>frangere,</span> 
     </span>
     <span class='ocr_line' id='line_1_30' title="bbox 144 3806 1105 3895; baseline -0.009 -18"><span class='ocrx_word' id='word_1_204' title='bbox 144 3815 321 3895; x_wconf 82' lang='lat' dir='ltr'>exemplum</span> <span class='ocrx_word' id='word_1_205' title='bbox 336 3834 386 3893; x_wconf 79' lang='lat' dir='ltr'>ap.</span> <span class='ocrx_word' id='word_1_206' title='bbox 404 3813 529 3877; x_wconf 81' lang='lat' dir='ltr'>Maxim.</span> <span class='ocrx_word' id='word_1_207' title='bbox 547 3811 626 3891; x_wconf 82' lang='lat' dir='ltr'>Tyr.</span> <span class='ocrx_word' id='word_1_208' title='bbox 641 3810 705 3873; x_wconf 84' lang='lat' dir='ltr'>diss.</span> <span class='ocrx_word' id='word_1_209' title='bbox 723 3807 772 3876; x_wconf 60' lang='grc' dir='ltr'>ὲὺ.</span> <span class='ocrx_word' id='word_1_210' title='bbox 798 3832 828 3891; x_wconf 85' lang='lat' dir='ltr'>p.</span> <span class='ocrx_word' id='word_1_211' title='bbox 840 3824 878 3881; x_wconf 77' lang='lat'>28</span> <span class='ocrx_word' id='word_1_212' title='bbox 903 3810 937 3874; x_wconf 86' lang='lat' dir='ltr'>R.</span> <span class='ocrx_word' id='word_1_213' title='bbox 957 3806 1105 3880; x_wconf 82' lang='lat' dir='ltr'>occurrit.</span> 
     </span>
    </p>

    <p class='ocr_par' dir='ltr' id='par_1_6' title="bbox 81 3897 805 3980">
     <span class='ocr_line' id='line_1_31' title="bbox 81 3897 805 3980; baseline -0.006 -19"><span class='ocrx_word' id='word_1_214' title='bbox 81 3930 84 3936; x_wconf 21' lang='grc' dir='ltr'><strong>Δ</strong></span> <span class='ocrx_word' id='word_1_215' title='bbox 143 3900 228 3980; x_wconf 86' lang='lat' dir='ltr'>quod</span> <span class='ocrx_word' id='word_1_216' title='bbox 251 3900 330 3960; x_wconf 88' lang='lat' dir='ltr'>vnde</span> <span class='ocrx_word' id='word_1_217' title='bbox 350 3899 403 3959; x_wconf 87' lang='lat' dir='ltr'>ille</span> <span class='ocrx_word' id='word_1_218' title='bbox 428 3899 535 3958; x_wconf 80' lang='lat' dir='ltr'>habeut</span> <span class='ocrx_word' id='word_1_219' title='bbox 558 3915 621 3956; x_wconf 91' lang='lat' dir='ltr'>non</span> <span class='ocrx_word' id='word_1_220' title='bbox 645 3897 805 3958; x_wconf 84' lang='lat' dir='ltr'>succurrit.</span> 
     </span>
    </p>
   </div>
   <div class='ocr_carea' id='block_1_5' title="bbox 74 4000 685 4083">
    <p class='ocr_par' dir='ltr' id='par_1_7' title="bbox 74 4000 685 4083">
     <span class='ocr_line' id='line_1_32' title="bbox 74 4000 685 4083; baseline -0.011 -15"><span class='ocrx_word' id='word_1_221' title='bbox 74 4001 110 4082; x_wconf 80' lang='lat' dir='ltr'>d)</span> <span class='ocrx_word' id='word_1_222' title='bbox 130 4001 236 4067; x_wconf 85' lang='lat' dir='ltr'>Strab.</span> <span class='ocrx_word' id='word_1_223' title='bbox 252 4000 308 4067; x_wconf 91' lang='lat' dir='ltr'>Vl.</span> <span class='ocrx_word' id='word_1_224' title='bbox 332 4022 362 4083; x_wconf 92' lang='lat' dir='ltr'>p.</span> <span class='ocrx_word' id='word_1_225' title='bbox 374 4013 447 4080; x_wconf 73' lang='lat'><strong>398.</strong></span> <span class='ocrx_word' id='word_1_226' title='bbox 469 4012 546 4062; x_wconf 85' lang='lat' dir='ltr'>extr.</span> <span class='ocrx_word' id='word_1_227' title='bbox 573 4016 685 4080; x_wconf 80' lang='lat' dir='ltr'><strong>p.399.</strong></span> 
     </span>
    </p>
   </div>
   <div class='ocr_carea' id='block_1_6' title="bbox 74 4096 1112 4360">
    <p class='ocr_par' dir='ltr' id='par_1_8' title="bbox 74 4096 1112 4360">
     <span class='ocr_line' id='line_1_33' title="bbox 74 4096 1108 4196; baseline -0.02 -18"><span class='ocrx_word' id='word_1_228' title='bbox 74 4115 120 4196; x_wconf 82' lang='lat' dir='ltr'>e)</span> <span class='ocrx_word' id='word_1_229' title='bbox 136 4113 263 4176; x_wconf 82' lang='lat' dir='ltr'>Debent</span> <span class='ocrx_word' id='word_1_230' title='bbox 283 4114 386 4194; x_wconf 79' lang='lat' dir='ltr'>itaque</span> <span class='ocrx_word' id='word_1_231' title='bbox 408 4111 520 4175; x_wconf 81' lang='lat' dir='ltr'>Thurii</span> <span class='ocrx_word' id='word_1_232' title='bbox 542 4109 713 4173; x_wconf 86' lang='lat' dir='ltr'>Locrorum</span> <span class='ocrx_word' id='word_1_233' title='bbox 745 4109 834 4177; x_wconf 60' lang='lat' dir='ltr'>leges</span> <span class='ocrx_word' id='word_1_234' title='bbox 856 4098 1022 4182; x_wconf 79' lang='lat' dir='ltr'>adoptall‘e.</span> <span class='ocrx_word' id='word_1_235' title='bbox 1066 4096 1108 4159; x_wconf 79' lang='lat' dir='ltr'>Et</span> 
     </span>
     <span class='ocr_line' id='line_1_34' title="bbox 147 4185 1112 4275; baseline -0.021 -18"><span class='ocrx_word' id='word_1_236' title='bbox 147 4196 220 4257; x_wconf 83' lang='lat' dir='ltr'>sane</span> <span class='ocrx_word' id='word_1_237' title='bbox 240 4197 320 4275; x_wconf 70' lang='lat' dir='ltr'>apud</span> <span class='ocrx_word' id='word_1_238' title='bbox 344 4198 538 4259; x_wconf 80' lang='lat' dir='ltr'>Athenaeum</span> <span class='ocrx_word' id='word_1_239' title='bbox 560 4194 618 4257; x_wconf 81' lang='lat' dir='ltr'>xl.</span> <span class='ocrx_word' id='word_1_240' title='bbox 641 4213 672 4274; x_wconf 87' lang='lat' dir='ltr'>p.</span> <span class='ocrx_word' id='word_1_241' title='bbox 687 4203 756 4265; x_wconf 82' lang='lat'><strong>508.</strong></span> <span class='ocrx_word' id='word_1_242' title='bbox 780 4187 973 4251; x_wconf 78' lang='lat' dir='ltr'>Tburlorum</span> <span class='ocrx_word' id='word_1_243' title='bbox 989 4185 1112 4259; x_wconf 73' lang='lat' dir='ltr'>legum·</span> 
     </span>
     <span class='ocr_line' id='line_1_35' title="bbox 147 4265 1112 4360; baseline -0.019 -21"><span class='ocrx_word' id='word_1_244' title='bbox 147 4281 230 4340; x_wconf 74' lang='lat' dir='ltr'>letor</span> <span class='ocrx_word' id='word_1_245' title='bbox 251 4280 424 4360; x_wconf 78' lang='lat' dir='ltr'>appelletur</span> <span class='ocrx_word' id='word_1_246' title='bbox 441 4279 616 4345; x_wconf 59' lang='lat' dir='ltr'>Zaleucum</span> <span class='ocrx_word' id='word_1_247' title='bbox 660 4291 692 4336; x_wconf 91' lang='lat' dir='ltr'>et</span> <span class='ocrx_word' id='word_1_248' title='bbox 716 4275 794 4351; x_wconf 84' lang='lat' dir='ltr'>apud</span> <span class='ocrx_word' id='word_1_249' title='bbox 812 4271 980 4353; x_wconf 84' lang='lat' dir='ltr'>Seymnum</span> <span class='ocrx_word' id='word_1_250' title='bbox 998 4265 1112 4345; x_wconf 78' lang='lat' dir='ltr'>Chium</span> 
     </span>
    </p>
   </div>
   <div class='ocr_carea' id='block_1_7' title="bbox 148 4341 1116 4505">
    <p class='ocr_par' dir='ltr' id='par_1_9' title="bbox 148 4341 1116 4505">
     <span class='ocr_line' id='line_1_36' title="bbox 148 4341 1116 4505; baseline -0.027 -73"><span class='ocrx_word' id='word_1_251' title='bbox 148 4383 179 4427; x_wconf 81' lang='lat' dir='ltr'>v.</span> <span class='ocrx_word' id='word_1_252' title='bbox 192 4381 255 4454; x_wconf 76' lang='lat'>349</span> <span class='ocrx_word' id='word_1_253' title='bbox 272 4363 313 4445; x_wconf 84' lang='lat' dir='ltr'>lq.</span> <span class='ocrx_word' id='word_1_254' title='bbox 335 4363 494 4445; x_wconf 77' lang='lat' dir='ltr'>Sybaritae</span> <span class='ocrx_word' id='word_1_255' title='bbox 516 4356 636 4444; x_wconf 84' lang='lat' dir='ltr'>periill&#39;e</span> <span class='ocrx_word' id='word_1_256' title='bbox 652 4370 873 4426; x_wconf 78' lang='lat' dir='ltr'>memorantur,</span> <span class='ocrx_word' id='word_1_257' title='bbox 898 4371 969 4415; x_wconf 86' lang='lat' dir='ltr'>curn</span> <span class='ocrx_word' id='word_1_258' title='bbox 986 4341 1116 4505; x_wconf 54' lang='grc' dir='ltr'>2311ξέἓέ</span> 
     </span>
    </p>
   </div>
   <div class='ocr_carea' id='block_1_8' title="bbox 0 0 1287 4942">
    <p class='ocr_par' dir='ltr' id='par_1_10' title="bbox 0 0 1287 4942">
     <span class='ocr_line' id='line_1_37' title="bbox 0 0 1287 4942; baseline 0 0"><span class='ocrx_word' id='word_1_259' title='bbox 0 0 1287 4942; x_wconf 95' lang='lat' dir='ltr'> </span> 
     </span>
    </p>
   </div>
  </div>
 </body>
</html>
