2572 5094
569 749 850 770 *nnn——

169 734 252 809 226

165 896 402 997 ‘magistratus
435 893 607 982 nomine,
649 894 717 993 qui
749 892 860 971 ludos
888 897 1078 996 equestres
1110 898 1230 979 ‘rurale
1274 946 1286 974 a

167 1015 338 1101 uidetur,
377 1008 509 1087 diuersi
536 1007 632 1084 sorte
656 1022 694 1083 et
719 1008 789 1084 hos
818 1015 986 1109 generis:
1022 1038 1111 1091 nam
1137 1020 1229 1093 etiam
1276 1057 1286 1087 .

166 1128 285 1206 ‘clauis
305 1127 432 1204 armati
449 1125 591 1223 equites
609 1121 844 1222 depugnant;
869 1142 1075 1204 occurrunt
1094 1104 1240 1231 quoqur'
1270 1170 1283 1199 f

56 1276 61 1300 ι
172 1239 312 1324 arianen
330 1240 390 1318 seu
408 1262 565 1315 coronas
582 1261 694 1313 manu
717 1238 1019 1336 praetendentes,
1050 1241 1115 1321 seu
1134 1245 1229 1344 ipssa
1268 1287 1277 1315 .-

139 1348 145 1359 ’
172 1356 335 1434 Visioria
351 1351 593 1450 coronatiy).
653 1351 780 1445 Quam
805 1354 1096 1454 intemperanter
1121 1372 1232 1436 autem
1271 1401 1286 1431 2.

168 1464 320 1551 ludicro
350 1484 387 1546 et
410 1471 489 1545 otio
527 1464 763 1555 indulserint,
807 1466 900 1544 illud
932 1473 1096 1548 maxime
1122 1472 1233 1561 docet,
1267 1481 1286 1548 l.

170 1586 278 1689 quod
294 1609 341 1662 ne
367 1581 468 1660 bello
485 1581 635 1680 quidem
658 1578 866 1679 grauifflmo
891 1584 1062 1684 impliciti
1084 1587 1130 1662 ad
1156 1586 1235 1663 seria

170 1704 336 1779 animum
355 1697 528 1774 adiecere.
587 1692 747 1794 Pyrrhus
767 1698 890 1796 itaque
912 1698 1098 1776 theatrum
1118 1702 1236 1779 occlu·
1277 1708 1280 1717 ’

171 1816 215 1896 su
236 1829 273 1892 et
293 1813 477 1892 conuiuiis
508 1834 571 1886 eos
602 1807 996 1912 comellationibusque
1034 1815 1234 1905 interdixit,
1282 1847 1286 1877 ι

118 1932 122 1939 ’
171 1944 357 2034 praeterea
381 1923 576 2025 gymnasiis
604 1936 640 2001 et
673 1923 985 2003 ambulationibus
1018 1952 1149 2006 vacare
1181 1954 1235 2006 ve-

170 2038 243 2120 'tuit
264 2049 332 2134 r);
360 2040 422 2116 etfi
444 2040 533 2115 haec
557 2061 605 2114 eo
630 2040 754 2138 potius
773 2039 981 2138 pertinuisse
1000 2043 1234 2121 videnturne

168 2155 436 2256 intempestiuis
454 2153 683 2230 sermonibus
706 2152 864 2229 serendis
881 2155 926 2230 ad
945 2179 1064 2233 nouas
1086 2182 1145 2235 res
1165 2161 1234 2235 ani·

168 2295 252 2349 mos
286 2281 556 2347 conuerterent.
621 2263 737 2344 Ludis
769 2268 922 2366 quidem
955 2269 1233 2371 spetlaculisque

168 2370 261 2464 adeo
278 2376 459 2461 indulfille
479 2380 665 2470 seruntur,
698 2396 737 2457 vt
758 2381 865 2458 serias
887 2382 1066 2461 haberent
1082 2411 1233 2464 numero

167 2487 293 2606 plures
322 2521 436 2599 quam
466 2497 543 2579 dies
565 2494 749 2595 profestos
773 2499 825 2590 s).
901 2495 1003 2578 Inter
1027 2524 1143 2601 praua
1172 2503 1233 2578 rei·

1066 2617 1231 2716 publicae

209 2858 247 2944 q)
268 2857 390 2922 Nomos
410 2856 515 2920 videre
536 2853 612 2918 licet
631 2855 711 2934 apud
735 2854 828 2920 Golz.
850 2853 882 2918 in
904 2875 991 2920 num.
1008 2857 1052 2922 Μ.
1068 2856 1180 2924 Graec.
1210 2867 1232 2923 t.

168 2939 177 2952 '
279 2935 511 3004 XXXl.ll.lll.
542 2938 789 3010 deSchachman.
821 2939 1057 3024 Catulogu-edes
1076 2942 1233 3009 Medailles

277 3042 428 3105 p.33.34.
460 3037 491 3085 et
511 3023 591 3085 locis
613 3022 701 3104 sopra
718 3022 821 3088 laudd.
883 3025 951 3106 lpse
977 3024 1075 3088 Taras
1103 3045 1233 3090 coronas

275 3109 431 3171 interdum
450 3107 521 3171 sert.
565 3106 659 3182 Quod
681 3105 763 3169 idem
785 3108 844 3170 alia
859 3109 1014 3172 attributa
1037 3121 1136 3178 tenet.
1153 3113 1231 3175 bene

276 3193 313 3253 ad
338 3191 411 3255 festa
440 3204 473 3253 et
493 3189 584 3252 ludos
608 3188 759 3263 refertur,
798 3193 880 3274 quod
907 3211 997 3254 uvam
1029 3194 1078 3256 vel
1103 3195 1231 3271 dioran,

274 3275 312 3337 ad
325 3273 491 3359 Dionysia,
522 3271 743 3342 fitrldentem.
767 3272 942 3352 Neptunia.
974 3272 1148 3350 stelenum,
1171 3279 1234 3341 He·

273 3356 389 3432 raclea,
420 3358 630 3436 srtrlpodem.
651 3356 866 3439 Apollinaris:
894 3359 964 3420 vide
986 3359 1025 3427 V.
1044 3357 1080 3424 C.
1096 3361 1231 3427 Eckhel.

170 3501 175 3516 ,
274 3440 370 3503 Numi
385 3453 447 3507 vet.
465 3442 571 3503 anecd.
594 3439 635 3504 T.
646 3441 671 3504 l.
695 3458 788 3524 pas.
831 3440 985 3509 Vocabuli
999 3443 1131 3521 νοῢμμος
1145 3446 1231 3509 ustam

169 3521 172 3527 “
272 3524 354 3604 apud
383 3522 573 3589 Tarentinos
603 3523 737 3607 testatur
753 3522 861 3589 Pollux
884 3548 921 3587 ex
942 3526 1121 3592 Aristotelia
1148 3534 1232 3592 rolr-

170 3603 175 3612 '
269 3610 372 3675 aarum
438 3607 583 3672 Ceterum
614 3609 696 3671 inter
722 3628 835 3673 numoa
861 3607 1107 3674 Tarentinorum
1138 3615 1233 3678 multi

170 3755 173 3784 ι
269 3687 341 3754 sunt
362 3690 477 3755 summa
498 3703 564 3754 arte
586 3691 742 3755 elaborati.
877 3760 879 3765 ,
1089 3706 1094 3722 ·

169 3877 174 3888 .
195 3822 232 3905 r)
254 3823 464 3897 Zonar.VIlI.
487 3846 516 3910 p.
530 3819 612 3908 370.
632 3826 785 3893 Plutarch.
808 3828 842 3891 in
863 3828 984 3914 Pyrrho
1004 3850 1034 3913 p.
1044 3850 1119 3913 ³9²·
1136 3833 1178 3899 D.
1187 3833 1228 3899 E.

172 3963 228 4043 aa)
249 3962 294 4027 lta
316 3964 399 4028 enim
414 3965 495 4028 haud
515 3964 608 4028 dubie
629 3963 864 4030 constituendus
885 3965 974 4029 locus
987 3965 1147 4032 Strabonis
1169 3971 1225 4038 lib.

266 4044 321 4113 Vl.
345 4068 376 4123 p.
388 4049 512 4130 491.A.
555 4046 680 4132 spereat
701 4050 812 4112 eodem
831 4049 921 4111 locus
940 4051 1095 4115 Athenaei
1114 4052 1169 4120 lV.
1194 4074 1225 4136 p.

167 4204 170 4209 ,
264 4134 336 4196 166.
346 4132 379 4196 F.
403 4154 441 4195 ex
466 4124 686 4214 Theopompo.
742 4131 849 4196 Ludos
871 4132 1007 4196 scenicos
1029 4155 1068 4197 eo
1086 4135 1153 4218 ipso
1174 4139 1226 4200 die

263 4213 455 4293 spetiabant,
487 4236 550 4299 quo
567 4209 703 4278 Romana
725 4213 823 4282 classo
851 4218 887 4278 ad
911 4229 1037 4299 portum
1059 4219 1223 4302 conspesia

182 4356 185 4367 ,
261 4296 315 4360 est.
367 4299 515 4383 Dionysia
536 4299 618 4362 enirn
639 4310 706 4360 turn
729 4298 822 4380 egisse
843 4317 1006 4364 narrantur
1024 4323 1040 4362 a
1062 4298 1167 4366 Dione
1191 4308 1221 4367 in

259 4379 338 4444 Exc.
353 4381 464 4465 Legat.
488 4404 527 4445 ex
541 4383 595 4446 lib.
607 4378 756 4449 xxer.
808 4383 1029 4468 Dionysiorum
1054 4386 1132 4451 fello
1155 4403 1221 4452 tota
1275 4401 1276 4416 ¹

252 4465 370 4612 auitas
389 4467 580 4559 temulenta,
610 4466 739 4532 Platone
761 4468 836 4534 teste
861 4471 899 4532 de
920 4467 982 4532 LL.
1009 4469 1063 4535 lib.
1077 4470 1101 4534 l.
1125 4492 1155 4556 p.
1167 4491 1217 4552 30.

296 4593 306 4614 .
356 4569 397 4635 ap.
489 4600 491 4605 .

1270 4463 1276 4623 l

1271 4674 1274 4698 l

1271 4703 1273 4726 l
