2550 5108
125 800 245 878 meris.
281 792 431 878 GETA.
461 792 635 876 HLVIR.
675 814 716 859 =
750 794 848 895 Aper
870 818 959 876 vero
985 794 1200 888 transfixus,

125 913 316 992 allatrante
339 937 439 1011 cane.
474 909 518 991 C.
531 908 760 990 HOSIDIur.
792 907 834 987 C.
845 908 883 990 F.

240 1030 288 1107 ΙΙ.
317 1026 454 1106 Similis
474 1025 693 1103 subaeratus.
752 1021 919 1125 Vterque
934 1049 1005 1125 par·
1019 1026 1112 1116 fere,
1131 1050 1202 1104 nee

127 1155 252 1219 tamen
276 1141 375 1219 idern
392 1165 479 1220 curn
500 1139 636 1218 Morell
658 1165 670 1215 1
694 1153 732 1217 et
749 1167 785 1215 2.
843 1138 929 1218 Fuit
945 1141 1007 1217 hic
1021 1138 1202 1218 Holidius
1257 1179 1260 1196 ι

126 1255 230 1344 forte
255 1279 351 1332 anus
373 1281 394 1333 e
419 1257 591 1345 lllviris,
632 1258 699 1356 qui
721 1257 934 1332 venationes
963 1254 1204 1332 celebrarunt

127 1371 168 1446 in
182 1369 365 1448 natalibus
379 1367 533 1470 Augusti
545 1376 603 1447 ιε
612 1394 628 1464 3
642 1393 673 1464 5.
696 1384 735 1446 vt
751 1367 972 1446 Vaillantius
987 1367 1201 1470 suspicatur.

127 1640 129 1645 s
241 1533 495 1616 HOSTILIA.
555 1537 677 1638 Caput
705 1538 765 1616 dei
794 1534 964 1616 Palloris:
1007 1540 1202 1616 aceruiee
1259 1631 1260 1635 Ν

127 1647 244 1726 lituus
277 1669 323 1714 Ξ
354 1647 477 1729 Diana
509 1649 682 1750 fingulari
715 1656 787 1729 ritu
821 1654 965 1747 vestita;
1010 1656 1205 1751 capitera-
1259 1642 1260 1678 ³

130 1762 251 1859 'diat03
280 1763 438 1864 pedibus
459 1765 610 1860 iunilis3
645 1766 707 1843 seu
732 1781 772 1842 vt
792 1769 831 1843 in
847 1768 986 1844 arboris
1010 1762 1202 1854 truncum.

127 1880 206 1952 taxi
223 1876 500 1980 Hauercanrpus
508 1883 685 1981 putabat,
713 1879 895 1970 desinant,
922 1881 984 1957 seu
1003 1881 1111 1981 quod
1127 1905 1204 1958 cre-

130 1990 217 2068 dere
239 1993 368 2083 malis,
387 2004 440 2069 ’vt
454 1994 606 2070 adduua
630 1995 718 2073 stola
738 1995 844 2095 plicis
870 1997 910 2070 in
929 1995 1087 2094 gradum
1111 1996 1205 2072 stru-

128 2103 193 2181 uis
213 2104 377 2206 assurgat.
450 2105 553 2185 Talis
580 2111 679 2185 eninr
703 2105 846 2187 Dianae
873 2109 1020 2185 habitus
1046 2112 1086 2184 in
1099 2134 1206 2187 non·

127 2218 315 2296 nullarum
341 2223 487 2298 vrbiunr
506 2221 771 2323 religionibus,
801 2219 974 2323 Ephesiae
998 2223 1203 2315 interdum,

98 2438 101 2445 1
129 2334 221 2408 item
238 2330 436 2435 Laphriae;
460 2335 635 2414 hocloco
653 2341 844 2437 Leptitana
859 2338 1016 2438 exprimi
1035 2352 1202 2435 putatur.

128 2442 253 2524 nrtera
278 2473 432 2526 ceruum
454 2473 573 2528 cornu
593 2451 798 2552 prehendit.
844 2448 886 2529 L.
914 2448 1202 2530 HOSTILIVS.

91 2570 94 2574 “
128 2559 363 2642 SASERNA.
437 2563 523 2643 Fuit
553 2567 699 2642 isalter
727 2589 747 2642 e
775 2569 871 2644 binis
897 2565 1092 2655 fratribus,
1135 2569 1204 2666 qui

131 2672 322 2754 Caesarem
340 2681 378 2755 in
398 2677 556 2757 Africam
572 2680 716 2781 sequuti
740 2694 854 2759 erant.
890 2704 923 2756 v.
932 2677 1076 2758 Hirtius
1100 2678 1147 2756 de
1167 2682 1202 2757 b.

132 2789 242 2867 Afric.
263 2817 320 2869 10.
352 2788 461 2893 Lepti
478 2818 563 2873 cum
579 2795 729 2895 legione
752 2809 917 2894 praeerat
933 2806 970 2870 et
988 2796 1028 2869 in
1052 2817 1095 2871 ea
1111 2796 1204 2874 vrbe

132 2929 292 2983 numum
321 2905 470 3008 sgnalle
500 2909 616 2986 videri
649 2908 769 2985 debet.
841 2905 1045 2987 Ducebant
1078 2923 1206 2986 autem

60 3026 65 3037 '
126 3015 279 3098 ‘Hostilii
303 3045 421 3122 genus
450 3047 573 3122 arege
595 3022 712 3100 Tullo
736 3020 917 3110 Hostilio,
962 3044 1075 3121 quem
1099 3026 1139 3097 in
1166 3046 1206 3099 re

131 3136 273 3234 trepida
287 3133 421 3213 Pauori
447 3152 484 3215 et
497 3135 634 3214 Pallori
658 3137 785 3214 aedem
810 3133 949 3214 vouiffe
965 3149 1055 3212 nota
1073 3160 1133 3213 res
1156 3137 1209 3214 est

126 3237 193 3367 ⁸vel
219 3273 266 3326 ex
281 3247 401 3342 Liul,
421 3275 457 3348 7.
501 3250 638 3330 Morell.
651 3278 689 3332 2.

127 3465 131 3478 ·
246 3413 396 3495 IVLIA.
457 3420 486 3498 1.
497 3384 766 3519 CaputRomae
784 3416 981 3518 galeatum.
1001 3413 1203 3497 CAESAR.

127 3544 173 3610 et
196 3531 338 3634 appicla
355 3532 441 3633 sigla
461 3551 500 3630 (1
534 3567 573 3608 :
616 3535 741 3609 Venus
765 3534 859 3630 bigis
879 3530 1060 3610 Amorum
1075 3531 1206 3607 volan-

132 3649 228 3724 tium
247 3647 364 3741 vesla5
392 3648 458 3724 sub
476 3651 519 3724 iis
536 3647 613 3746 lyra
624 3646 847 3723 concordiae
863 3646 1083 3745 symbolum.
1109 3645 1207 3722 Sub·

130 3763 331 3864 seriptum:
356 3760 397 3839 L.
415 3759 562 3840 lVLlus
575 3759 617 3838 L.
630 3760 668 3838 F.
701 3759 869 3838 Numum
877 3758 1015 3863 LJulii
1031 3757 1205 3846 Caesaris,

125 3877 204 3954 rviri
222 3876 432 3965 consularis,
453 3872 565 3977 legati
583 3873 742 3952 Caesaris
758 3878 796 3951 in
815 3872 947 3964 Gallia,
967 3871 1059 3951 iussu
1077 3872 1098 3950 a
1114 3896 1206 3973 pro-

133 3993 323 4090 quaestore
346 3991 473 4091 aliquo
492 3991 616 4069 cusum
635 3989 827 4088 probabile
842 3987 892 4065 fir.
921 3987 1059 4067 Mortis.
1073 3985 1202 4084 I‚4D.

201 4126 202 4130 ‘
245 4108 291 4185 ll.
324 4109 443 4206 Caput
458 4103 639 4197 Veneris,
682 4101 919 4181 Genetricem
938 4103 1086 4185 credere
1103 4102 1205 4191 licet,

121 4219 337 4298 'diademate
363 4220 567 4303 reuiullum
614 4253 655 4295 τ.
705 4220 849 4296 Aeneas
886 4219 1009 4295 nudus
1045 4215 1206 4293 humero

28 4418 30 4427 Α
128 4334 317 4416 Anchisen
336 4336 498 4414 velatum
511 4335 708 4426 sustinens,
739 4333 867 4413 dextra
881 4329 1090 4520 Palladiun}
1101 4353 1207 4431 prae·

1085 4467 1205 4522 erens.
