2550 5108
466 151 747 174 a*

61 298 194 380 ferens.
231 295 429 382 CAESAR.
503 299 597 404 Julii
621 254 796 384 Caesaris¹
814 301 909 382 iussu
932 301 1006 382 cufi
1032 310 1139 386 numi

61 439 150 494 cunr
165 416 258 506 Ant,
292 438 476 516 magnam
496 436 627 494 eorum
659 420 807 518 copiam
831 419 970 498 exstare
1000 421 1139 500 nrirum

62 554 143 607 non
176 532 236 609 est.
303 531 444 611 Adsunt
468 533 572 620 trini,
615 553 746 609 omnes
772 535 908 632 integri
932 545 970 611 et
997 532 1133 613 intatli.

57 646 243 734 Moreil.I,
269 669 301 740 5.

177 780 240 855 lli.
274 779 397 877 Caput
417 774 559 852 Cereris
576 774 682 875 spicis
699 792 932 859 coronatum.
966 773 1134 859 DICTa-

61 905 119 971 tor
145 888 321 970 ITERum
351 884 459 967 COS.
488 886 693 968 TERTium
726 911 766 953 =
792 888 1059 992 Capeduncula
1075 897 1134 972 in·

61 1020 119 1084 ter
148 1005 284 1083 lituum
317 1018 354 1080 et
388 1002 624 1103 aspergillum
650 1028 721 1080 vna
756 1029 841 1081 cunr
862 1006 1133 1107 praefericulos

59 1118 300 1197 Pontificatus
331 1116 490 1195 Maximi
519 1115 683 1215 insignia.
768 1118 942 1221 Apposita
969 1135 1060 1199 nota
1080 1119 1132 1201 D.

59 1248 161 1312 tum:
187 1229 376 1312 AVGVR.
409 1231 519 1307 infra:
547 1228 843 1311 PONT.MAX.
903 1233 1047 1336 Spedlat
1065 1260 1146 1314 nu..

60 1373 145 1427 mus
167 1347 213 1424 ad
239 1371 269 1423 a.
284 1359 377 1442 708.
409 1359 446 1421 et
471 1341 630 1422 Caesaris
653 1345 933 1437 liberalitatem,
978 1347 1068 1426 dato
1091 1353 1133 1427 in

58 1463 246 1564 populum
272 1473 375 1537 extra
401 1448 572 1536 ordinem
596 1459 805 1552 frumento,
843 1464 986 1543 Cereris
1012 1466 1132 1565 capite

60 1577 234 1678 designat.
295 1573 432 1651 Morell.
450 1573 526 1661 III,
550 1594 583 1668 5.
1160 1597 1165 1604 ·

175 1717 237 1794 lV.
269 1713 392 1813 Caput
412 1709 570 1789 Veneris
597 1703 876 1810 (Genetricis).
934 1711 1131 1796 Aceruice

59 1832 252 1935 prominet
267 1830 387 1905 Amor
421 1857 462 1900 =
484 1824 699 1925 Tropaeum
723 1848 809 1902 cum
824 1825 953 1926 clipeis
974 1846 1011 1904 et
1028 1828 1132 1906 lituis

58 1945 291 2025 militaribus.
365 1937 541 2017 Adsrdent
568 1940 656 2017 binc
681 1942 737 2015 vir
763 1940 934 2017 reuinsiis
958 1944 1131 2021 manibus

60 2064 99 2139 in
116 2058 231 2160 spolia
256 2054 471 2155 respiciens,
500 2053 607 2131 illinc
628 2053 765 2130 semina
786 2053 920 2153 lugens
944 2053 1055 2155 paliis*
1073 2081 1134 2134 ca·

61 2174 173 2276 pillis.
233 2166 349 2247 lnsra:
383 2163 580 2245 CAESAR.
648 2165 810 2245 Galliam
834 2181 871 2243 et
895 2165 1135 2252 Germaniam

60 2285 253 2386 defigam,
281 2296 319 2359 et
333 2281 491 2360 Caesaris
507 2282 553 2358 de
570 2277 688 2359 Gallis
706 2295 743 2358 et
754 2278 948 2359 Germanis
966 2282 1134 2366 vinarias

62 2403 170 2479 innui
192 2400 255 2474 vix
272 2397 438 2473 dubites.
462 2394 688 2483 Maestus,
713 2418 744 2475 ι.

107 2624 108 2627 p
175 2538 221 2618 V.
250 2539 371 2636 Caput
398 2536 551 2614 Veneris
577 2536 713 2611 eximie
740 2547 938 2613 ornatum:
997 2557 1137 2613 corona

58 2653 214 2734 floribus
235 2674 282 2727 ex
301 2674 394 2726 auro
420 2663 457 2725 et
472 2652 629 2748 gemmis
650 2647 760 2739 satia,
805 2649 945 2750 lapides
967 2651 1007 2726 in
1035 2673 1136 2739 aure,

61 2767 204 2846 monile
228 2787 275 2842 ex
294 2764 495 2840 unionibus
514 2765 553 2839 in
571 2762 693 2840 cello:
731 2787 751 2839 a
770 2777 878 2865 tergo
896 2760 969 2842 ΙΙΤ
987 2765 1139 2852 (mone-

61 2883 145 2961 talis
165 2892 272 2968 nota,
298 2879 458 2954 matricis
483 2875 598 2972 sorte)
630 2908 670 2951 =
694 2874 907 2978 Tropaeum
929 2901 1017 2969 cum
1036 2877 1140 2955 scuto

64 3009 102 3074 et
123 2995 219 3072 lituo
236 2992 405 3079 militari,
448 2990 609 3067 adstante
633 2989 765 3081 securi,
807 2989 1048 3069 Pontificatus
1081 2994 1139 3068 in·

64 3109 167 3209 signi.
228 3105 386 3185 Subtus:
411 3100 610 3182 CAESAR.
642 3106 778 3185 Mores.
791 3106 863 3194 IV,
878 3133 919 3201 u.

178 3241 241 3320 Vl.
271 3234 431 3339 Elephas
451 3236 651 3315 draconem
669 3237 822 3315 calcans.
867 3234 1064 3317 CAESAR.
1100 3258 1142 3304 =

63 3353 340 3457 capeduncula,
368 3351 625 3452 asperginum,
650 3350 797 3443 securis,
826 3376 932 3452 apex.
992 3351 1143 3430 Numus

63 3469 128 3548 hic
142 3469 248 3546 valde
264 3467 400 3544 obuius
427 3465 473 3542 ad
492 3466 622 3541 vitiam
649 3466 812 3544 Africam
834 3465 1008 3543 refertur:
1062 3469 1143 3544 eius

65 3586 165 3662 enirn
191 3581 356 3684 symbola
377 3578 525 3680 elephas
541 3603 628 3657 cum
653 3579 824 3658 dracone.
883 3577 1144 3658 Pontificatum

63 3699 225 3777 Caesaris
261 3696 429 3772 referunt
457 3696 698 3771 instrumenta
723 3695 829 3771 saera.
859 3694 1084 3779 MonilsV,
1104 3714 1142 3791 7.

64 3810 256 3891 Habemus
275 3811 344 3887 tria
362 3810 551 3910 exempla,
582 3820 819 3909 cunr'quarto
836 3808 1046 3893 subaerato,
1076 3830 1147 3886 nec

571 3925 693 4021 Aa4
1009 3937 1145 3998 vtanuen
