2542 5010
153 627 230 725 136
539 593 822 668 ἐξ

149 799 409 894 apparatusret
437 792 539 867 initia
575 789 695 866 caesus
719 787 836 867 luisse
855 791 1021 885 videtur3
1071 793 1219 892 quodi

150 933 289 1008 ponas,
335 902 505 980 dissensus
530 907 625 981 inter
647 899 881 994 Diodorum,
925 903 1166 985 Herodotum
1180 922 1217 984 et

149 1020 405 1108 Heraclidem,
445 1021 510 1119 qui
528 1016 667 1095 diuersa
688 1019 783 1097 inter
807 1019 841 1095 le
866 1019 1006 1099 tradere
1032 1035 1214 1119 putantur,

150 1134 257 1212 facile
281 1136 459 1232 componi
491 1133 637 1234 potest3
696 1135 876 1208 maximae
901 1136 1001 1212 enim
1032 1134 1216 1212 intestinae

151 1251 280 1326 turbae
305 1247 478 1327 videntur
508 1242 660 1322 extitisse
686 1248 782 1324 inter
806 1247 1007 1346 Sybaritas,
1028 1300 1031 1305 -
1054 1251 1216 1348 quando·

152 1364 305 1463 quidem
340 1383 470 1438 omnes
495 1358 623 1461 Telyis
647 1358 884 1437 consiliorum
913 1361 1030 1439 socios
1067 1363 1116 1438 ad
1145 1387 1215 1440 aras

148 1476 242 1579 ipsas
275 1481 313 1554 in
336 1474 478 1574 templo
510 1472 670 1575 Junonis
697 1475 961 1551 interfecerunt
996 1475 1060 1573 (v.
1083 1475 1210 1554 Athen.

147 1592 215 1683 lc„
237 1616 271 1692 p.
292 1588 429 1684 521‚F.
453 1580 506 1664 'ex
524 1586 716 1686 Heraclide
735 1589 937 1693 delirrstitia)
968 1613 1047 1693 quo
1071 1592 1215 1690 piaculo

148 1706 388 1795 contaminati
409 1695 565 1783 deorum
588 1705 658 1781 iras
683 1701 869 1803 expetiille
895 1703 1024 1784 crediti
1049 1705 1144 1782 sunt

263 1922 408 2001 Inditlo
429 1922 531 1999 bello
551 1916 651 1998 CCC
669 1919 828 2000 millium
854 1926 1037 2001 exercitus
1060 1950 1080 2002 a
1104 1925 1222 2026 Syba,

146 2040 225 2114 ritis
250 2037 400 2115 edatius
430 2034 499 2112 elle
517 2036 670 2125 dicitur,
702 2033 968 2114 a'Crotoniatis
991 2036 1211 2118 Cmillium.

144 2146 275 2227 Parem
292 2153 433 2228 ciuium
449 2153 605 2228 omnino
623 2173 820 2229 numerum
838 2151 897 2227 edi
919 2152 1028 2255 supra
1042 2142 1210 2232 vidimus.
1266 2160 1267 2168 ’

144 2261 340 2344 Probabile
356 2268 469 2366 igitur
485 2265 601 2341 videri
618 2265 754 2363 potest,
789 2260 875 2342 cum
900 2260 1077 2350 neelami
1093 2265 1217 2343 exiisse

126 2377 325 2478 -Sybaritas
358 2379 492 2480 aliquis
524 2376 691 2479 legillet,
748 2392 788 2454 vt
813 2383 842 2454 is
870 2381 981 2455 etiam
1016 2403 1219 2460 numerum

144 2494 251 2570 istum
273 2492 346 2572 huc
371 2495 570 2569 retraxerit
630 2489 801 2569 Tradunt
828 2506 952 2569 tamen
983 2493 1030 2571 ad
1054 2497 1217 2593 priorem

147 2607 305 2685 modurn
328 2604 522 2688 Diodorus
540 2606 649 2704 (lc.)
670 2622 706 2682 et
721 2605 851 2685 Strabo
871 2606 952 2694 (lib.
963 2600 1029 2686 VI.
1048 2606 1218 2710 p.4o4);

146 2736 184 2800 et
205 2744 415 2823 quanquam
440 2745 567 2820 parum
584 2719 775 2797 verismrile
794 2721 908 2798 videri
924 2721 1053 2810 debet,
1084 2724 1216 2802 nostris

145 2836 313 2937 inprimis
330 2837 516 2924 moribus,
544 2847 584 2911 vt
604 2847 681 2912 tota
698 2837 870 2911 iuuentus
887 2833 1057 2912 aduersus
1073 2835 1218 2920 hostem

145 2952 185 3025 in
212 2954 328 3027 aciem
349 2950 525 3055 prodeat,
568 2951 607 3024 irr
632 2948 695 3026 illa
727 2963 850 3027 tamen
873 2962 1007 3038 aetate,
1056 2950 1123 3026 sub
1147 2953 1217 3030 illo

146 3064 274 3154 coelo,
303 3067 342 3139 in
366 3077 440 3145 tarn
466 3063 625 3164 angustis
653 3074 831 3140 terrarum
850 3061 1006 3151 finibus,
1038 3087 1125 3141 cum
1141 3090 1218 3149 vno

147 3180 289 3278 impetu
307 3181 401 3254 intra
417 3201 555 3278 paucos
570 3176 647 3252 dies
664 3175 801 3257 summa
822 3200 879 3253 res
895 3191 1102 3275 gereretur,
1132 3203 1219 3263 eue-

147 3295 226 3369 nire
254 3293 398 3391 potuit,
436 3305 478 3366 vt
501 3290 596 3367 adeo
618 3288 822 3389 desiperent
844 3290 1033 3395 homines,
1086 3306 1126 3369 ut
1151 3298 1224 3371 vni.

149 3404 289 3504 praelio
314 3405 479 3481 fortunas
511 3405 667 3484 ciuitatis
694 3417 731 3480 et
755 3405 905 3481 salutem
928 3407 1215 3489 committerent

148 3518 192 3601 Id
218 3517 320 3619 quod
344 3517 418 3617 ipsa
452 3541 508 3594 res
541 3517 723 3598 declarare
751 3519 904 3595 videtur.
989 3518 1088 3598 Nam
1116 3521 1218 3601 vitiis

147 3633 271 3734 primo
298 3628 490 3729 congressu
518 3630 693 3730 Sybaritis
711 3654 801 3731 opes
824 3634 923 3708 vrbis
948 3657 1025 3710 vno
1049 3634 1120 3710 iun
1137 3660 1221 3714 cor.

148 3759 312 3823 ruerunt
373 3743 585 3843 Pugnatum
612 3745 723 3821 estad
748 3744 949 3824 Traentem
976 3746 1134 3824 fluuium
1163 3748 1219 3851 r).

148 3856 386 3940 Crotoniatae
406 3858 500 3939 duce
518 3860 713 3939 utebantur
728 3858 894 3948 Milone,
926 3863 1059 3940 virium
1082 3865 1220 3942 robore

1084 3978 1219 4058 inclito

187 4190 229 4273 r)
244 4180 316 4270 'Qui
339 4209 423 4251 nunc
451 4190 576 4254 Triunti
600 4190 715 4252 accolis
739 4189 801 4264 ell3
836 4191 879 4257 cf.
900 4192 1062 4257 Bentleius
1082 4214 1121 4257 err
1139 4194 1224 4270 Jem-

236 4273 363 4337 ‚alicho
395 4277 475 4354 apud
503 4272 739 4354 Well'elinpium
762 4280 798 4336 ad
825 4276 1042 4348 Diodor.Xll‚
1059 4296 1110 4348 22.
1156 4279 1223 4344 Ob-

153 4366 156 4370 ‘
258 4356 342 4418 scura
364 4356 408 4421 est
429 4360 563 4418 narratio
594 4358 632 4419 de
656 4361 712 4422 bac
737 4378 841 4443 pugna
861 4362 941 4443 apud
963 4361 1152 4439 Zenoblll,
1168 4381 1220 4446 92.

259 4440 301 4508 ric
322 4437 488 4518 Ἀφσὶννας.
