710 1313
266 222 409 231 —
569 232 605 251 ¹71

70 270 110 291 nio.
123 269 183 295 ipsum
196 269 316 289 Charondam
329 269 405 288 Thuriis
416 275 446 288 eas
458 269 509 294 leges
518 269 607 295 scripfiffe.

71 298 93 318 ln
103 298 138 317 hos
146 303 177 317 aut
187 298 253 317 similes
261 298 358 323 scriptores
366 297 447 317 incidiffe
457 298 550 323 putandus
561 297 610 318 Dio-

70 326 133 348 dorus.
167 326 259 346 Hassenus
272 326 348 351 quidem
362 326 439 346 deloco
452 325 522 346 difficili
536 330 555 346 et
565 327 610 346 sale-

71 355 136 377 broso,
152 361 208 380 quem
216 354 229 374 fi
237 355 315 374 omnino
327 355 417 379 attingere
426 354 563 380 refugissemus,
578 362 610 375 ve.

72 384 153 403 rendum
161 387 208 405 erat.
222 389 246 403 ne
257 383 336 409 ipsarum
348 383 413 408 legum
425 383 523 403 austeritas
534 384 610 403 infracta

72 413 132 432 iacere
145 412 242 432 videretur.

131 461 254 487 Exposuimus
272 461 327 484 haec,
348 460 415 484 ciues,
436 465 456 481 vt
468 462 539 482 aditum
554 463 609 483 nobis

73 491 189 510 muniremus
201 491 224 510 ad
233 491 259 513 id,
273 491 326 509 euius
337 489 395 510 caussa
404 490 459 509 talem
468 490 610 516 disputationem

74 519 163 544 suscipere
175 525 216 539 mos
232 519 284 539 iubet
296 522 314 538 et
326 519 428 538 institutum
442 520 549 539 academiae.
579 520 611 540 Irr-

76 548 151 567 dicendi
163 548 205 568 sunt
221 548 292 568 crastini
305 547 341 567 diei
357 548 403 566 ritus
419 547 520 571 sollennes,
542 549 611 574 quibus

75 577 189 601 magistratus
203 576 302 596 academici
316 575 394 601 insignia
410 580 429 595 et
440 576 523 596 honores
535 578 612 597 transfe-

75 609 140 624 rentur
152 606 172 624 in
184 604 250 625 Virum
259 604 393 627 Pessllustrem,
411 605 455 630 reip.
471 605 584 625 academicae
594 609 616 626 et·

75 634 178 653 vestromm
187 633 339 655 commodorum,
354 632 420 655 Ciues,
433 633 586 657 studiosissimum,

111 681 150 704 10.
180 681 371 705 STEPHANVM
399 675 522 703 PVTTl-:R
549 681 575 703 D.

137 737 178 757 Vos
189 737 262 762 itaque,
280 736 363 758 Comites
374 736 499 761 Illustriffimi,
516 737 614 758 Commili-
626 748 632 752 ·

79 771 133 787 tofles
141 765 240 788 natalium,
258 766 377 791 ingeniorum
388 767 514 792 virtutumque
528 767 614 787 laudibus

79 794 196 816 ornatissimi,
212 798 232 813 vt
240 794 354 815 sollennibus
363 794 392 814 his
399 795 505 820 frequentes
513 795 571 815 adeffe
581 796 615 815 bo-
630 806 632 808 -

79 825 147 849 nisque
158 823 252 844 ominibus
261 823 346 848 votisque
358 823 404 843 noui
414 823 528 848 magistratus
539 824 615 844 exordia

78 852 167 879 prosequi
179 851 248 873 velitis.
267 851 385 872 amantiffime
402 858 494 877 rogamus.
531 851 550 872 P.
559 852 579 873 P.
595 854 615 873 in
628 865 631 868 -

81 881 131 904 alma
141 880 224 908 Georgia
232 880 314 908 Augusta
330 880 370 902 Kal.
380 879 418 907 JuL
438 880 496 902 clolo
502 887 524 901 cc
529 887 593 903 Lxxu.

584 1179 622 1203 De
