710 1313
249 214 391 233 ῌ
547 225 594 243 ἣν

55 262 210 285 Commiutones,
228 262 278 281 laudi
293 268 313 281 ac
323 262 424 287 praeconio
438 262 506 281 vestrae
518 262 591 282 virtutis

59 295 80 311 vt
86 291 140 311 cedat
147 297 227 316 aequum
236 291 271 313 est,
286 297 335 313 cum,
350 296 385 316 pro
393 291 471 310 semestri
479 291 591 315 magistratu,

56 326 114 345 quem
126 320 157 339 lex
169 319 255 339 mandare
269 319 326 341 solet,
347 320 450 338 continuati
464 325 497 344 per
509 319 593 344 sesquial-

57 352 120 368 terum
132 354 202 367 annum
210 348 264 367 fasces
277 348 371 367 declarent
381 347 443 367 saltem
451 348 497 370 hoc,
512 348 593 368 vestrum

58 377 174 402 obsequium,
190 377 303 401 vestmmque
311 376 445 396 obseruantiam
456 382 477 396 ac
486 377 593 397 modestiam

57 405 111 425 fuiffe
125 409 162 424 tam
180 406 277 426 eximiam.
299 411 398 430 rerumque
410 405 512 424 nostrarum
528 405 595 425 statum

59 433 199 454 difficultatibus
211 437 230 453 et
236 433 334 456 molestiis,
352 439 400 459 quae
412 434 529 453 turbidorum
542 435 595 459 inge-

60 464 137 482 niorum
148 467 166 482 et
179 463 273 482 inutilium
285 463 354 481 ciuium
368 461 432 481 fraude
443 463 500 482 creari
512 462 595 487 plerum-

59 497 98 516 que
114 491 182 512 solent.
208 495 245 510 tam
258 497 323 516 parum
337 491 446 515 impeditum
464 497 486 510 ac
501 495 594 514 vexatum,

59 524 82 539 vt
93 520 139 539 nihil
151 519 185 539 effe
197 520 299 541 videretur,
314 525 347 538 cur
355 523 387 538 aut
399 525 451 542 eum,
464 520 497 545 qui
504 520 597 545 nmgistra-

60 552 102 568 tum
115 548 206 568 summum
217 548 343 567 academicum
354 551 435 572 gereret,
457 548 534 567 honoris
545 555 597 568 maru

62 577 101 596 dati
113 577 227 602 poeniteret,
242 580 274 596 aut
281 576 346 595 summi
354 582 414 596 rerum
426 577 526 596 nostrarum
539 576 597 596 Cura-

62 609 114 625 tores
128 611 177 624 onus
191 605 228 624 hnc
237 605 260 624 ab
270 605 299 624 his
311 605 402 627 humeris,
420 606 452 630 qui
464 605 511 624 illud
523 605 597 624 sustine-

62 634 119 656 bant,
138 634 264 653 amouendum
276 632 310 653 effe
323 633 421 653 censerent.
460 633 528 653 Saltem
542 640 598 653 curae

63 663 136 682 nostrae
150 668 171 682 ac
179 662 251 687 vigiliae
259 666 296 681 tam
306 662 368 681 felices
376 662 458 681 habuere
465 662 563 685 succeffus,
578 666 599 682 vt

63 695 93 710 res
102 691 188 710 florentes
199 696 220 710 ac
233 690 302 710 validae
315 691 361 710 tradi
373 690 440 716 possint
451 692 476 713 ei,
499 692 532 716 qui
547 697 598 711 nunc

63 721 84 739 in
97 719 211 744 magistratus
228 720 277 738 vices
289 725 341 739 more
356 725 377 738 ac
389 719 431 744 lege
443 720 468 738 est
482 719 598 739 success'urus.

64 747 207 768 Transferentur
219 749 268 767 enim
280 748 309 767 die
318 748 395 767 crastino
408 748 462 767 fasces
471 748 569 767 academici
578 749 599 767 in

65 777 144 796 domum
157 776 197 795 Viri
211 775 364 801 Experientiffimi
376 777 465 801 omnique
480 776 599 796 humanimtis

64 805 120 824 laude
132 804 256 827 floxenflffimi,

90 846 199 866 ERNESTI
228 845 385 866 GODOFREDI
413 845 576 866 BALDINGERI

68 888 117 909 Cum
129 890 152 909 de
165 890 227 910 studiis
238 890 308 912 vestris,
327 889 479 913 Commiiitones,
497 891 527 910 in.
534 890 601 910 Virum

67 918 127 937 vestro
135 924 197 938 amore
206 919 300 944 vestraque
308 919 421 938 obseruantia
431 919 570 944 digniffimurn
565 925 601 938 iam

67 942 110 966 satis
126 947 207 966 constare
223 948 343 966 arbitremur.
368 952 437 967 certam
453 951 471 967 et
486 948 602 973 exploratam

69 975 156 995 fouemus
161 975 227 1001 spem,
245 976 294 998 fore,
307 979 327 995 vt
338 981 371 995 vos
380 976 455 995 laudem
463 976 554 1001 praeclare
562 982 603 1001 par-

68 1007 107 1023 tam
125 1005 186 1026 tueri,
215 1004 316 1029 legumque
332 1004 442 1029 obsequium
457 1011 478 1024 ac
496 1005 544 1024 vitae
562 1003 603 1024 offi-

68 1033 131 1057 ciique
140 1032 248 1052 sanstimtem
257 1033 345 1058 praestare
353 1037 404 1052 tanto
414 1034 471 1058 magis
481 1033 533 1052 cordi
541 1039 604 1052 curae-

69 1067 107 1086 que
123 1061 190 1080 habere
203 1061 272 1084 velitis,
293 1067 331 1086 quo
344 1063 416 1087 turpior
431 1061 465 1080 eise
477 1061 523 1081 soie:
536 1061 603 1084 laudis,

69 1095 126 1115 quam
136 1089 191 1109 semel
204 1089 293 1115 affequuti
304 1096 385 1112 eramus,
401 1090 479 1113 amima,
497 1090 603 1110 retinendae

68 1122 135 1138 contra
146 1119 245 1143 pertinacia
259 1118 412 1138 honorificentior
424 1123 442 1138 et
456 1118 559 1144 gloriofior.

555 1173 604 1194 cum
