2572 5094
172 684 255 762 224
566 642 848 704 ⁸¹...··.=.·.......····

168 841 271 916 enim
300 837 495 937 egentibus
529 833 803 936 suppeditarent
835 836 1163 937 opportunitatem
1192 843 1232 914 rei

167 953 373 1041 faciendae,
404 947 635 1051 pollellroues
655 971 742 1025 cum
770 951 814 1026 iis
833 953 877 1027 ad
906 951 1008 1028 vsurn
1030 955 1233 1030 communi-

108 1069 109 1074 ‘
166 1068 300 1146 cabant
328 1069 521 1166 optimates
544 1063 597 1156 l),
624 1063 793 1164 adeoque
820 1065 1071 1143 multitudinis
1099 1066 1167 1143 fibi
1184 1069 1234 1142 be·

167 1181 419 1274 neuolentiam
437 1178 707 1278 comparabant.
767 1176 899 1255 Fecere
920 1202 1036 1279 porro
1056 1182 1235 1280 magistra·

167 1309 275 1374 tuum
294 1297 464 1371 omnium
480 1293 558 1369 duo
573 1312 726 1391 genera,
753 1306 793 1368 vt
813 1293 875 1368 alii
895 1293 1076 1393 lraffragiis
1095 1295 1233 1396 populi,

168 1409 231 1489 elii
258 1409 447 1486 sortitione
472 1409 727 1504 obtingerent:
771 1405 959 1483 sortitione
981 1408 1161 1508 quidem,
1202 1422 1236 1486 rt

166 1545 231 1604 eos
254 1522 359 1624 plebs
375 1544 529 1622 quoque
553 1521 722 1598 obtinere
736 1518 868 1618 pollet,
899 1521 1077 1622 suffragiis
1099 1537 1232 1611 autem,

166 1653 209 1715 st
231 1631 438 1738 respublica
462 1658 508 1712 eo
530 1634 664 1711 melius
688 1634 1003 1713 administraretur.
1078 1635 1165 1714 Neo
1191 1638 1233 1714 ab

164 1753 295 1832 litteris
322 1751 440 1828 aliena
456 1750 529 1826 fuit
549 1750 699 1842 ciuitas;
730 1763 768 1824 et
788 1750 980 1848 amplexos
1004 1745 1075 1826 alst
1100 1748 1237 1828 Taren·

166 1871 265 1944 tinos
284 1857 550 1966 philosophiam
569 1859 847 1961 Pythagoricum
870 1862 951 1939 satis
967 1864 1120 1942 constat„
1153 1864 1235 1943 Cla·

165 1980 319 2059 rilfimus
344 1999 467 2061 auteur
493 1980 589 2053 inter
616 1999 680 2052 eos
700 1977 771 2052 fuit
798 1976 992 2077 Archytas,
1031 1983 1098 2078 qui
1121 1983 1235 2078 magi-

164 2095 312 2172 stratum
327 2113 481 2195 quoque
497 2093 672 2166 intereos
689 2089 791 2188 gelht
807 2097 870 2182 m).
901 2089 1110 2182 Rhinthon,
1126 2106 1233 2194 poeta

165 2209 344 2305 tragicus,
393 2207 518 2288 audior
541 2208 686 2303 generis
712 2208 842 2304 tragici
881 2207 918 2280 in
945 2206 1127 2283 ludicram
1159 2234 1234 2285 rem

165 2319 276 2409 vern,
307 2326 368 2405 etfi
389 2316 570 2426 Syraculis
586 2331 711 2408 natus,
741 2319 839 2417 apud
855 2316 1078 2398 Tarentinos
1095 2322 1229 2400 floruit

163 2430 350 2519 Laudatur
364 2455 520 2543 quoque
535 2429 642 2510 lccus
660 2432 837 2524 medicus,
865 2436 931 2531 qui
945 2438 1063 2535 aegris
1080 2452 1232 2513 tenuem

435 2587 439 2599 ·
1096 2551 1230 2628 vidum

209 2707 244 2788 l)
264 2702 342 2808 Ibion.
371 2703 452 2766 arrad
480 2704 630 2774 ποιοῦντες
658 2701 697 2767 rel
723 2703 862 2786 κτήματα
882 2706 947 2774 τοῖς
970 2699 1090 2789 dripere
1113 2706 1163 2770 lai
1184 2704 1235 2790 saie

275 2806 398 2872 χρηθίν.

61 2894 68 2900 ’
168 2927 171 2933 =
204 2893 255 2975 aaa)
271 2891 385 2959 Strabo
399 2889 454 2963 vl,
476 2891 642 2973 puoh.
664 2883 696 2959 dc
712 2888 763 2967 aaa*
783 2892 836 2972 τῆς
854 2889 970 2963 adhaec
995 2896 1127 2976 προέστη
1140 2895 1235 2959 ealda

277 2977 400 3056 χρόνον.
444 2975 492 3039 Ea
512 2973 657 3057 Diogene
678 2973 802 3038 Laertio
824 2987 856 3037 et
873 2977 943 3039 aliia
971 2977 1108 3050 eonilat,
1141 2977 1232 3046 Stra·

198 3114 200 3117 .
274 3062 338 3143 tegi
358 3077 470 3122 nomen
493 3056 581 3120 fuiss'e
603 3056 813 3140 magistratui,
840 3061 1041 3141 στρατηγῆσαι(
1061 3059 1170 3137 αὐτόν,
1201 3076 1233 3127 et

265 3143 402 3225 ‘quidem
432 3140 529 3204 senice
559 3142 609 3203 vel
632 3139 755 3222 septica.
809 3142 943 3206 Nomine
972 3143 1035 3206 boe
1060 3144 1092 3206 iu
1121 3147 1232 3211 multis

273 3226 454 3290 ciuitatibus
491 3223 644 3287 summum
680 3224 888 3306 magistratum
921 3223 1010 3288 fuisse
1039 3230 1230 3310 appellatum

272 3320 384 3372 notum
405 3308 460 3371 est.
505 3311 547 3369 At
566 3307 694 3371 Suidaat
726 3308 778 3369 τοῦ
798 3310 910 3383 κοινοῦ,
934 3310 1055 3410 iuquit,
1079 3316 1139 3372 τῶν
1152 3313 1231 3376 'lara

270 3392 383 3457 λωτῶν
408 3393 554 3472 (podera,
592 3388 757 3472 στρατηγός
785 3391 915 3474 αἱρεθεὶς
950 3395 1142 3480 nwoapeireap
1172 3395 1232 3459 o'ad

271 3477 331 3538 nia
350 3473 479 3538 ealredo
505 3472 554 3552 καῖ
574 3475 634 3534 τῶν
660 3473 727 3554 πρΙ
747 3476 861 3537 ἐκεῖνον
883 3474 934 3538 τὸν
956 3477 1046 3540 τόπον
1065 3476 1229 3556 Ἑλλήνων.

271 3559 306 3625 Si
327 3557 491 3632 sciremus,
521 3576 614 3638 quern
636 3556 810 3634 aratorem.
841 3559 954 3624 satiane
977 3565 1229 3642 graecoruum,

269 3643 419 3724 sequutus
441 3638 479 3703 ht
498 3639 531 3704 io
551 3641 616 3706 b.l.
637 3639 767 3715 suidas.
800 3643 971 3724 Archytam
994 3644 1083 3708 fuisse
1110 3647 1232 3711 dicere·

269 3745 342 3789 roua
370 3724 522 3788 summum
552 3724 792 3805 imperatorem.
829 3725 1009 3808 στρατηγὼ,
1040 3728 1231 3795 Graecarum

268 3809 433 3877 ciuitatum
465 3807 592 3870 foedere
619 3807 702 3872 inter
730 3807 759 3869 se
789 3809 963 3875 iondtaroan
994 3814 1031 3876 ad
1060 3833 1231 3878 commune

270 3893 387 3958 bellum
406 3891 590 3975 gerendum.
640 3891 751 3956 Coiille
783 3897 866 3955 enirn
893 3915 945 3957 eae
976 3895 1008 3957 in
1037 3895 1230 3973 societatem,

262 3986 302 4041 et
319 3975 489 4040 bonodium
510 3972 644 4039 habuill'e
665 3975 934 4049 Panhellenieura‚
972 3981 1109 4043 vidimus
1130 4000 1161 4062 p.
1171 4000 1230 4060 apo

266 4060 300 4124 in
309 4058 515 4143 disputatione
528 4051 783 4133 deCrotoniatisr
806 4059 972 4142 haberique
989 4063 1064 4126 illud
1081 4061 1134 4127 sub
1149 4067 1229 4129 baec

266 4152 409 4224 tempora
428 4141 596 4205 Heracleae
616 4139 757 4215 solitum.
788 4141 891 4223 paullo
916 4144 983 4224 post
1008 4166 1046 4210 ea
1072 4145 1230 4212 Strabone

267 4245 299 4309 p.
319 4245 388 4306 429.
400 4227 433 4288 B.
457 4227 645 4288 videbimus.
699 4224 814 4289 Viuere
835 4232 939 4289 autem
961 4229 1116 4312 Archytas
1138 4231 1230 4296 dedit

267 4311 370 4394 paullo
389 4308 455 4389 post
469 4309 519 4372 Ol.
531 4308 596 4373 CV.
642 4309 732 4389 Apud
754 4308 876 4373 Aeliao.
891 4309 929 4376 V.
942 4311 979 4373 Η.
997 4312 1050 4387 ΙΙΙ,
1068 4332 1118 4390 27.
1143 4315 1228 4379 inrer

267 4392 470 4476 philosophos
492 4412 606 4454 nornen
635 4392 703 4454 eius
732 4393 896 4476 recitatur,
933 4396 987 4479 qul
1008 4416 1106 4480 remp.
1127 4399 1230 4464 adoai-

264 4475 430 4541 nistrarunt
448 4487 483 4540 et
505 4477 574 4539 suae
591 4475 713 4539 ciuitati
731 4475 929 4559 profuerunt.
1046 4512 1049 4517 ·
