2550 4852
141 561 222 631 230
536 564 816 579 ··-····-

141 700 346 780 Theatrum
379 699 450 778 fuit
474 701 652 777 eximium
678 703 801 799 portui
831 703 1036 780 imminens
1065 703 1205 804 adpro

143 816 305 917 spetlum
323 818 432 893 maris
448 809 507 918 c);
543 839 657 915 porro
672 815 903 916 gyuruasrum
923 818 1205 917 pulcherrimum

144 952 181 1008 et
198 930 320 1007 sorum
337 930 418 1007 satis
435 931 613 1034 amplum,
629 932 668 1005 in
688 955 765 1031 quo
778 926 882 1030 Jovis
900 930 1066 1010 colonus
1082 933 1205 1033 postus

144 1061 221 1123 erat
236 1046 315 1143 pou
330 1043 522 1123 Rhodium
540 1047 710 1121 omnium
728 1044 834 1121 heile
849 1048 1039 1122 unximus
1056 1049 1109 1145 ss}
1145 1044 1207 1143 Ly·

143 1157 236 1258 srppi
260 1158 323 1234 ille
353 1182 468 1259 opus,
509 1157 697 1257 fassusque
732 1160 825 1235 adeo
851 1157 966 1236 virrL
1000 1163 1110 1235 annis
1136 1177 1207 1235 ante

142 1272 286 1350 bellum
310 1296 396 1352 cunr
415 1271 592 1351 Romanis
616 1273 838 1374 susceptum:
876 1297 965 1351 nam
986 1269 1142 1375 Lysippi
1161 1298 1209 1350 ae·

142 1400 260 1463 tatem·
280 1390 319 1462 iu
335 1386 533 1466 Alexandri
549 1385 603 1465 Μ.
630 1399 797 1488 tempora
814 1388 978 1464 incidere
1001 1407 1138 1465 notum
1156 1389 1206 1465 eu

137 1499 361 1601 Reliquer-at
388 1527 494 1591 eum,
525 1515 677 1601 propter
701 1501 996 1600 magnitudinem
1022 1501 1207 1580 difficulta-

142 1628 295 1715 temque
319 1615 519 1704 moliendi,
550 1613 745 1710 QFabius
769 1615 960 1695 Maximus
984 1613 1206 1694 Verrucosus

145 1724 226 1806 cos.
248 1732 370 1806 vrbea
395 1728 527 1808 Poenis
551 1743 695 1828 recepta
717 1727 784 1817 (V.
802 1726 846 1811 C.
863 1734 982 1826 545),
1007 1755 1111 1829 quum
1127 1734 1206 1809 Her·

142 1841 261 1930 rusum,
287 1850 344 1942 qui
365 1850 454 1945 essin
476 1844 662 1942 Capitolio,
690 1847 741 1918 ait
765 1841 906 1920 Plinius
922 1839 986 1942 e),
1018 1846 1096 1922 inde
1111 1858 1207 1923 trans·

134 1953 257 2058 serron
327 1956 529 2056 Templum
551 1954 655 2058 Jovis
673 1972 1005 2035 commemoratum
1039 1960 1203 2059 legimus,

71 2061 76 2068 ’
139 2071 277 2169 inquo
300 2066 460 2171 Pyrrhus
490 2076 613 2171 primo
636 2094 721 2148 cum
746 2070 924 2149 Romanis
949 2074 1094 2172 praelio
1121 2073 1204 2149 sasso

140 2183 291 2260 titulum
317 2184 492 2264 adfixerat
500 2188 560 2288 f).
619 2183 724 2285 Jovis
748 2184 980 2272 καταιβάτου
997 2188 1151 2269 statuam
1168 2210 1204 2263 ac

140 2296 307 2374 sollenne
334 2298 472 2378 sacrum
490 2323 537 2376 ex
555 2297 744 2378 Athenaeo
763 2301 939 2376 nouimus
957 2297 1069 2385 (XII.
1081 2328 1115 2403 p.
1132 2325 1199 2395 522

139 2404 215 2514 R).
276 2411 479 2517 Templum
502 2419 697 2515 Σωτείρας,
728 2436 774 2490 au
798 2411 986 2516 Junonis?
1016 2417 1118 2516 apud
1141 2414 1202 2494 Po·

1066 2530 1201 2635 lyhium

181 2747 222 2828 c)
244 2746 359 2820 Frons.
379 2765 427 2825 18.
445 2765 475 2824 8.
526 2754 696 2820 Theatrum
717 2756 810 2816 etiam
833 2753 885 2816 nu
906 2752 1072 2835 scriptores
1092 2776 1203 2819 memo·

252 2847 334 2896 rent:
360 2837 467 2902 Florus
492 2839 569 2902 adeo
591 2842 692 2904 maius
711 2838 874 2908 theatrum,
897 2835 919 2900 sr
940 2847 995 2901 eut
1016 2839 1142 2904 librario
1156 2848 1203 2903 aot

146 2922 148 2927 '
251 2916 305 2996 ipsa
328 2920 418 2983 Floro
442 2924 536 2985 modo
559 2921 653 2987 fidem
672 2925 784 2987 hebere
805 2924 892 3007 licet.

178 3024 217 3105 rs)
242 3025 352 3090 Strabo
369 3029 423 3096 Vl.
448 3052 478 3114 p.
492 3036 551 3111 426
572 3033 608 3098 B.
1185 3074 1194 3095 r

106 3179 108 3189 .
179 3135 211 3216 e)
233 3137 531 3210 perstrenuus.
554 3144 712 3227 pannii.
734 3142 971 3214 uuuxxxuu
988 3163 1018 3222 7.
1037 3144 1123 3220 stra.
1149 3147 1203 3212 Re·

250 3233 371 3302 pertom
388 3239 454 3289 erat
468 3225 617 3295 saeellv.
634 3231 666 3290 io
687 3228 767 3291 colle
782 3227 917 3292 Psintino
931 3229 1077 3292 Herculis
1089 3233 1203 3313 siguum

250 3324 438 3373 ematmore
465 3309 597 3382 tanum.
640 3333 710 3376 eum
734 3313 849 3385 titulo.
886 3313 940 3393 qui
966 3313 1095 3395 Lysippi
1128 3334 1203 3394 opus

248 3386 325 3449 iliud
347 3390 407 3452 ess'e
436 3392 632 3476 fignifieeret.
688 3397 805 3459 Fraude
829 3397 888 3457 iarn
917 3395 1010 3471 olim,
1041 3410 1204 3477 antequem

248 3472 338 3534 ruine
360 3476 481 3542 aedium
503 3479 673 3542 vicinorum
693 3481 746 3543 ille
770 3480 1006 3559 opprimeretur,
1028 3480 1205 3558 inscriptum

249 3573 365 3619 nomen
388 3560 447 3637 ipss
469 3582 518 3624 res
539 3565 696 3642 ergoebar.
749 3565 776 3627 A
800 3562 911 3627 Cosmo
936 3564 1066 3626 Medicis
1087 3579 1204 3628 emtum

249 3637 370 3719 fignom
395 3665 477 3708 nunc
500 3646 673 3709 Florentiae
692 3648 723 3708 io
750 3646 864 3708 Palatio
886 3645 958 3711 Pirti
983 3647 1118 3722 prostat3
1151 3650 1203 3712 esl-

249 3727 388 3875 qupbieht
403 3731 486 3812 quod
507 3730 708 3817 Blenehinius
731 3731 764 3794 in
787 3730 902 3795 Palatio
923 3730 1041 3797 Caesar.
1065 3732 1205 3801 exunt

247 3827 285 3869 ex
311 3830 319 3870 1
343 3831 398 3872 or.

171 3914 217 4000 s)
239 3918 484 3992 omousius.
506 3957 548 3972 —
574 3924 715 4009 adfigent
740 3923 862 3996 titulum
890 3927 923 3988 in
948 3926 1057 4009 templo
1090 3927 1206 3993 Taren-

249 4005 303 4066 tini
327 4004 425 4078 Jovis,
455 4011 566 4093 inquo
588 4002 808 4094 suecscripfit:
843 4007 904 4092 Qui
932 4018 1001 4072 oute
1024 4004 1081 4074 hoc
1100 4014 1206 4078 inuiffi

250 4085 352 4152 fuvere
371 4093 447 4163 oiri,
466 4102 557 4176 pater
577 4097 687 4174 optime
712 4095 851 4176 Olympi,
896 4092 964 4157 Hos
976 4113 1032 4176 ego
1047 4097 1079 4161 ἐκ
1093 4098 1207 4181 prigna

246 4173 320 4245 osci,
342 4174 494 4260 visiusqrre
505 4176 576 4257 som
595 4179 634 4242 ob
654 4178 733 4265 ipfis.
785 4177 876 4240 hletri
900 4179 979 4238 estio
1001 4182 1111 4240 docere
1138 4196 1207 4260 pot-

246 4274 311 4334 erae
329 4261 411 4320 viros
432 4265 563 4334 notros,
587 4263 752 4345 legeorum
773 4258 850 4326 esser
881 4259 942 4349 Qui
955 4259 1081 4328 antehoc
1102 4265 1209 4333 natur·

240 4339 390 4422 suerunt,
412 4351 502 4429 pater
521 4366 549 4409 o.
577 4345 616 4412 0.
