<?xml version="1.0" encoding="UTF-8"?>
<!DOCTYPE html PUBLIC "-//W3C//DTD XHTML 1.0 Transitional//EN"
    "http://www.w3.org/TR/xhtml1/DTD/xhtml1-transitional.dtd">
<html xmlns="http://www.w3.org/1999/xhtml" xml:lang="en" lang="en">
 <head>
  <title>
</title>
<meta http-equiv="Content-Type" content="text/html;charset=utf-8" />
  <meta name='ocr-system' content='tesseract 3.04.00' />
  <meta name='ocr-capabilities' content='ocr_page ocr_carea ocr_par ocr_line ocrx_word'/>
</head>
<body>
  <div class='ocr_page' id='page_1' title='image "./chrgheyniiprofe01heyngoog_0018.png"; bbox 0 0 2542 4942; ppageno 0'>
   <div class='ocr_carea' id='block_1_1' title="bbox 258 1598 796 1740">
    <p class='ocr_par' dir='ltr' id='par_1_1' title="bbox 258 1598 796 1740">
     <span class='ocr_line' id='line_1_1' title="bbox 258 1598 796 1740; baseline 0.007 -42"><span class='ocrx_word' id='word_1_1' title='bbox 258 1696 260 1698; x_wconf 75' lang='grc'>,</span> <span class='ocrx_word' id='word_1_2' title='bbox 333 1731 341 1740; x_wconf 77' lang='lat'>,</span> <span class='ocrx_word' id='word_1_3' title='bbox 441 1598 796 1703; x_wconf 82' lang='lat' dir='ltr'><strong><em>Prooemium...</em></strong></span> 
     </span>
    </p>
   </div>
   <div class='ocr_carea' id='block_1_2' title="bbox 55 2011 1132 2287">
    <p class='ocr_par' dir='ltr' id='par_1_2' title="bbox 55 2011 1132 2287">
     <span class='ocr_line' id='line_1_2' title="bbox 55 2011 1132 2287; baseline 0.007 -88"><span class='ocrx_word' id='word_1_4' title='bbox 55 2011 283 2287; x_wconf 84' lang='lat' dir='ltr'>Habet</span> <span class='ocrx_word' id='word_1_5' title='bbox 306 2124 382 2203; x_wconf 92' lang='lat' dir='ltr'>hoc</span> <span class='ocrx_word' id='word_1_6' title='bbox 402 2126 584 2203; x_wconf 90' lang='lat' dir='ltr'>scribendi</span> <span class='ocrx_word' id='word_1_7' title='bbox 604 2150 745 2226; x_wconf 89' lang='lat' dir='ltr'>genus,</span> <span class='ocrx_word' id='word_1_8' title='bbox 783 2124 886 2226; x_wconf 92' lang='lat' dir='ltr'>quod</span> <span class='ocrx_word' id='word_1_9' title='bbox 908 2150 975 2227; x_wconf 90' lang='lat' dir='ltr'>per</span> <span class='ocrx_word' id='word_1_10' title='bbox 999 2123 1132 2207; x_wconf 88' lang='lat' dir='ltr'>Prolu-</span> 
     </span>
    </p>
   </div>
   <div class='ocr_carea' id='block_1_3' title="bbox 1 2237 1130 3376">
    <p class='ocr_par' dir='ltr' id='par_1_3' title="bbox 1 2237 1129 2342">
     <span class='ocr_line' id='line_1_3' title="bbox 1 2237 1129 2342; baseline 0.001 -23"><span class='ocrx_word' id='word_1_11' title='bbox 1 2317 3 2319; x_wconf 77' lang='grc'>,</span> <span class='ocrx_word' id='word_1_12' title='bbox 228 2237 346 2316; x_wconf 79' lang='lat' dir='ltr'>nones</span> <span class='ocrx_word' id='word_1_13' title='bbox 372 2240 594 2318; x_wconf 77' lang='lat' dir='ltr'>academicae</span> <span class='ocrx_word' id='word_1_14' title='bbox 611 2239 759 2317; x_wconf 83' lang='lat' dir='ltr'>diuersis</span> <span class='ocrx_word' id='word_1_15' title='bbox 781 2255 992 2341; x_wconf 86' lang='lat' dir='ltr'>temporum</span> <span class='ocrx_word' id='word_1_16' title='bbox 1007 2243 1129 2342; x_wconf 87' lang='lat' dir='ltr'>spatiis</span> 
     </span>
    </p>

    <p class='ocr_par' dir='ltr' id='par_1_4' title="bbox 57 2352 1130 3376">
     <span class='ocr_line' id='line_1_4' title="bbox 62 2352 1130 2452; baseline 0.007 -26"><span class='ocrx_word' id='word_1_17' title='bbox 62 2364 100 2426; x_wconf 89' lang='lat' dir='ltr'>et</span> <span class='ocrx_word' id='word_1_18' title='bbox 131 2353 427 2452; x_wconf 83' lang='lat' dir='ltr'>expraescripto</span> <span class='ocrx_word' id='word_1_19' title='bbox 459 2355 682 2444; x_wconf 90' lang='lat' dir='ltr'>absoluitur,</span> <span class='ocrx_word' id='word_1_20' title='bbox 730 2352 962 2432; x_wconf 82' lang='lat' dir='ltr'>difficultates</span> <span class='ocrx_word' id='word_1_21' title='bbox 988 2355 1130 2434; x_wconf 87' lang='lat' dir='ltr'>suaset</span> 
     </span>
     <span class='ocr_line' id='line_1_5' title="bbox 60 2464 1130 2570; baseline 0.007 -30"><span class='ocrx_word' id='word_1_22' title='bbox 60 2464 266 2561; x_wconf 80' lang='lat' dir='ltr'>molestias3</span> <span class='ocrx_word' id='word_1_23' title='bbox 303 2470 343 2543; x_wconf 91' lang='lat' dir='ltr'>in</span> <span class='ocrx_word' id='word_1_24' title='bbox 357 2469 415 2544; x_wconf 94' lang='lat' dir='ltr'>his</span> <span class='ocrx_word' id='word_1_25' title='bbox 435 2472 544 2544; x_wconf 89' lang='lat' dir='ltr'>etiam</span> <span class='ocrx_word' id='word_1_26' title='bbox 558 2468 664 2558; x_wconf 91' lang='lat' dir='ltr'>hanc,</span> <span class='ocrx_word' id='word_1_27' title='bbox 694 2469 809 2568; x_wconf 91' lang='lat' dir='ltr'>quod,</span> <span class='ocrx_word' id='word_1_28' title='bbox 827 2494 914 2547; x_wconf 90' lang='lat' dir='ltr'>cum</span> <span class='ocrx_word' id='word_1_29' title='bbox 927 2471 1022 2546; x_wconf 90' lang='lat' dir='ltr'>intra</span> <span class='ocrx_word' id='word_1_30' title='bbox 1039 2493 1130 2570; x_wconf 86' lang='lat' dir='ltr'>pau·</span> 
     </span>
     <span class='ocr_line' id='line_1_6' title="bbox 60 2581 1129 2681; baseline 0.005 -24"><span class='ocrx_word' id='word_1_31' title='bbox 60 2603 193 2657; x_wconf 89' lang='lat' dir='ltr'>corum</span> <span class='ocrx_word' id='word_1_32' title='bbox 222 2581 402 2658; x_wconf 88' lang='lat' dir='ltr'>foliorum</span> <span class='ocrx_word' id='word_1_33' title='bbox 419 2583 599 2681; x_wconf 90' lang='lat' dir='ltr'>angustias</span> <span class='ocrx_word' id='word_1_34' title='bbox 613 2584 877 2660; x_wconf 89' lang='lat' dir='ltr'>commentatio</span> <span class='ocrx_word' id='word_1_35' title='bbox 903 2585 1129 2662; x_wconf 91' lang='lat' dir='ltr'>continenda</span> 
     </span>
     <span class='ocr_line' id='line_1_7' title="bbox 60 2692 1130 2796; baseline 0.007 -28"><span class='ocrx_word' id='word_1_36' title='bbox 60 2692 137 2779; x_wconf 88' lang='lat' dir='ltr'>lit..</span> <span class='ocrx_word' id='word_1_37' title='bbox 158 2709 420 2794; x_wconf 81' lang='lat' dir='ltr'>argumentum</span> <span class='ocrx_word' id='word_1_38' title='bbox 446 2695 693 2796; x_wconf 85' lang='lat' dir='ltr'>indagationis</span> <span class='ocrx_word' id='word_1_39' title='bbox 720 2696 848 2795; x_wconf 90' lang='lat' dir='ltr'>paullo</span> <span class='ocrx_word' id='word_1_40' title='bbox 878 2697 1038 2785; x_wconf 91' lang='lat' dir='ltr'>altioris,</span> <span class='ocrx_word' id='word_1_41' title='bbox 1064 2713 1130 2776; x_wconf 89' lang='lat' dir='ltr'>aut</span> 
     </span>
     <span class='ocr_line' id='line_1_8' title="bbox 61 2808 1127 2911; baseline 0.004 -27"><span class='ocrx_word' id='word_1_42' title='bbox 61 2808 278 2907; x_wconf 85' lang='lat' dir='ltr'>copiofioris</span> <span class='ocrx_word' id='word_1_43' title='bbox 297 2809 561 2909; x_wconf 83' lang='lat' dir='ltr'>disputationis,</span> <span class='ocrx_word' id='word_1_44' title='bbox 582 2834 660 2886; x_wconf 92' lang='lat' dir='ltr'>non</span> <span class='ocrx_word' id='word_1_45' title='bbox 671 2808 737 2885; x_wconf 91' lang='lat' dir='ltr'>nis1</span> <span class='ocrx_word' id='word_1_46' title='bbox 755 2834 822 2909; x_wconf 91' lang='lat' dir='ltr'>per</span> <span class='ocrx_word' id='word_1_47' title='bbox 838 2833 958 2911; x_wconf 87' lang='lat' dir='ltr'>partes</span> <span class='ocrx_word' id='word_1_48' title='bbox 978 2814 1127 2911; x_wconf 85' lang='lat' dir='ltr'>exigere</span> 
     </span>
     <span class='ocr_line' id='line_1_9' title="bbox 60 2921 1127 3023; baseline 0.007 -27"><span class='ocrx_word' id='word_1_49' title='bbox 60 2921 166 3011; x_wconf 89' lang='lat' dir='ltr'>licet,</span> <span class='ocrx_word' id='word_1_50' title='bbox 208 2923 407 3023; x_wconf 91' lang='lat' dir='ltr'>quodque,</span> <span class='ocrx_word' id='word_1_51' title='bbox 438 2948 524 3002; x_wconf 90' lang='lat' dir='ltr'>cum</span> <span class='ocrx_word' id='word_1_52' title='bbox 539 2924 706 3001; x_wconf 89' lang='lat' dir='ltr'>subtilior</span> <span class='ocrx_word' id='word_1_53' title='bbox 731 2924 1007 3018; x_wconf 72' lang='lat' dir='ltr'>commentandi</span> <span class='ocrx_word' id='word_1_54' title='bbox 1034 2929 1127 3003; x_wconf 89' lang='lat' dir='ltr'>ratio</span> 
     </span>
     <span class='ocr_line' id='line_1_10' title="bbox 60 3030 1125 3139; baseline 0.006 -30"><span class='ocrx_word' id='word_1_55' title='bbox 60 3036 105 3110; x_wconf 88' lang='lat' dir='ltr'>ab</span> <span class='ocrx_word' id='word_1_56' title='bbox 141 3037 217 3113; x_wconf 92' lang='lat' dir='ltr'>hoc</span> <span class='ocrx_word' id='word_1_57' title='bbox 252 3036 457 3136; x_wconf 86' lang='lat' dir='ltr'>scriptionis</span> <span class='ocrx_word' id='word_1_58' title='bbox 490 3062 625 3137; x_wconf 86' lang='lat' dir='ltr'>genere</span> <span class='ocrx_word' id='word_1_59' title='bbox 665 3030 885 3139; x_wconf 84' lang='lat' dir='ltr'>plerumque</span> <span class='ocrx_word' id='word_1_60' title='bbox 919 3040 1125 3130; x_wconf 88' lang='lat' dir='ltr'>abhorreat,</span> 
     </span>
     <span class='ocr_line' id='line_1_11' title="bbox 58 3148 1124 3252; baseline 0.004 -28"><span class='ocrx_word' id='word_1_61' title='bbox 58 3148 210 3248; x_wconf 86' lang='lat' dir='ltr'>seligere</span> <span class='ocrx_word' id='word_1_62' title='bbox 234 3148 373 3227; x_wconf 86' lang='lat' dir='ltr'>necesse</span> <span class='ocrx_word' id='word_1_63' title='bbox 402 3153 452 3227; x_wconf 88' lang='lat' dir='ltr'>est</span> <span class='ocrx_word' id='word_1_64' title='bbox 483 3166 626 3249; x_wconf 84' lang='lat' dir='ltr'>tantum</span> <span class='ocrx_word' id='word_1_65' title='bbox 650 3155 816 3251; x_wconf 90' lang='lat' dir='ltr'>potiora,</span> <span class='ocrx_word' id='word_1_66' title='bbox 848 3175 941 3250; x_wconf 90' lang='lat' dir='ltr'>quae</span> <span class='ocrx_word' id='word_1_67' title='bbox 971 3153 1124 3252; x_wconf 79' lang='lat' dir='ltr'>publici,</span> 
     </span>
     <span class='ocr_line' id='line_1_12' title="bbox 57 3263 1113 3376; baseline 0.001 -37"><span class='ocrx_word' id='word_1_68' title='bbox 57 3266 237 3353; x_wconf 77' lang='lat' dir='ltr'>unium,</span> <span class='ocrx_word' id='word_1_69' title='bbox 264 3263 398 3364; x_wconf 87' lang='lat' dir='ltr'>saporis</span> <span class='ocrx_word' id='word_1_70' title='bbox 417 3278 480 3342; x_wconf 90' lang='lat' dir='ltr'>aut</span> <span class='ocrx_word' id='word_1_71' title='bbox 504 3266 587 3343; x_wconf 91' lang='lat' dir='ltr'>sunt</span> <span class='ocrx_word' id='word_1_72' title='bbox 615 3279 679 3342; x_wconf 92' lang='lat' dir='ltr'>aut</span> <span class='ocrx_word' id='word_1_73' title='bbox 697 3266 813 3342; x_wconf 83' lang='lat' dir='ltr'>videri</span> <span class='ocrx_word' id='word_1_74' title='bbox 838 3264 996 3365; x_wconf 85' lang='lat' dir='ltr'>possunt.</span> <span class='ocrx_word' id='word_1_75' title='bbox 1108 3365 1113 3376; x_wconf 28' lang='grc'>,</span> 
     </span>
    </p>
   </div>
   <div class='ocr_carea' id='block_1_4' title="bbox 54 3508 1127 4303">
    <p class='ocr_par' dir='ltr' id='par_1_5' title="bbox 54 3508 1127 4303">
     <span class='ocr_line' id='line_1_13' title="bbox 169 3508 1127 3618; baseline -0.002 -29"><span class='ocrx_word' id='word_1_76' title='bbox 169 3509 401 3594; x_wconf 78' lang='lat' dir='ltr'>institueram</span> <span class='ocrx_word' id='word_1_77' title='bbox 430 3517 604 3617; x_wconf 89' lang='lat' dir='ltr'>equidem</span> <span class='ocrx_word' id='word_1_78' title='bbox 639 3508 860 3618; x_wconf 88' lang='lat' dir='ltr'>conquirere</span> <span class='ocrx_word' id='word_1_79' title='bbox 888 3513 1062 3610; x_wconf 86' lang='lat' dir='ltr'>reliquias</span> <span class='ocrx_word' id='word_1_80' title='bbox 1089 3525 1127 3587; x_wconf 92' lang='lat' dir='ltr'>et</span> 
     </span>
     <span class='ocr_line' id='line_1_14' title="bbox 57 3624 1124 3730; baseline -0.001 -29"><span class='ocrx_word' id='word_1_81' title='bbox 57 3625 261 3725; x_wconf 84' lang='lat' dir='ltr'>fragmenta</span> <span class='ocrx_word' id='word_1_82' title='bbox 273 3631 522 3708; x_wconf 87' lang='lat' dir='ltr'>institutorum</span> <span class='ocrx_word' id='word_1_83' title='bbox 537 3632 738 3730; x_wconf 87' lang='lat' dir='ltr'>legumque</span> <span class='ocrx_word' id='word_1_84' title='bbox 753 3626 946 3706; x_wconf 84' lang='lat' dir='ltr'>ciuitatum</span> <span class='ocrx_word' id='word_1_85' title='bbox 962 3624 1124 3723; x_wconf 82' lang='lat' dir='ltr'>Magnae</span> 
     </span>
     <span class='ocr_line' id='line_1_15' title="bbox 58 3738 1126 3840; baseline -0.002 -24"><span class='ocrx_word' id='word_1_86' title='bbox 58 3738 244 3832; x_wconf 88' lang='lat' dir='ltr'>Graeciae,</span> <span class='ocrx_word' id='word_1_87' title='bbox 265 3740 424 3821; x_wconf 84' lang='lat' dir='ltr'>assumtis</span> <span class='ocrx_word' id='word_1_88' title='bbox 439 3743 863 3822; x_wconf 81' lang='lat' dir='ltr'>ciuitatumGraecarum</span> <span class='ocrx_word' id='word_1_89' title='bbox 879 3765 945 3840; x_wconf 89' lang='lat' dir='ltr'>per</span> <span class='ocrx_word' id='word_1_90' title='bbox 963 3738 1126 3815; x_wconf 88' lang='lat' dir='ltr'>Siciliam</span> 
     </span>
     <span class='ocr_line' id='line_1_16' title="bbox 55 3849 1126 3957; baseline -0.004 -28"><span class='ocrx_word' id='word_1_91' title='bbox 55 3855 242 3945; x_wconf 87' lang='lat' dir='ltr'>institutis,</span> <span class='ocrx_word' id='word_1_92' title='bbox 271 3881 365 3957; x_wconf 90' lang='lat' dir='ltr'>quae</span> <span class='ocrx_word' id='word_1_93' title='bbox 380 3872 466 3935; x_wconf 78' lang='lat' dir='ltr'>&#39;curn</span> <span class='ocrx_word' id='word_1_94' title='bbox 482 3860 554 3937; x_wconf 87' lang='lat' dir='ltr'>illis</span> <span class='ocrx_word' id='word_1_95' title='bbox 573 3858 766 3937; x_wconf 79' lang='lat' dir='ltr'>coniuntla</span> <span class='ocrx_word' id='word_1_96' title='bbox 784 3853 904 3933; x_wconf 90' lang='lat' dir='ltr'>elsent.</span> <span class='ocrx_word' id='word_1_97' title='bbox 964 3849 1126 3949; x_wconf 81' lang='lat' dir='ltr'>Exsequi</span> 
     </span>
     <span class='ocr_line' id='line_1_17' title="bbox 54 3964 1126 4073; baseline -0.007 -28"><span class='ocrx_word' id='word_1_98' title='bbox 54 3967 286 4069; x_wconf 79' lang='lat' dir='ltr'>propositum</span> <span class='ocrx_word' id='word_1_99' title='bbox 305 3996 382 4049; x_wconf 91' lang='lat' dir='ltr'>non</span> <span class='ocrx_word' id='word_1_100' title='bbox 405 3972 509 4051; x_wconf 91' lang='lat' dir='ltr'>licuit</span> <span class='ocrx_word' id='word_1_101' title='bbox 530 3973 596 4050; x_wconf 79' lang='lat' dir='ltr'>nisi</span> <span class='ocrx_word' id='word_1_102' title='bbox 624 3994 694 4073; x_wconf 90' lang='lat' dir='ltr'>per·</span> <span class='ocrx_word' id='word_1_103' title='bbox 708 3984 846 4071; x_wconf 91' lang='lat' dir='ltr'>partes,</span> <span class='ocrx_word' id='word_1_104' title='bbox 886 3964 1126 4042; x_wconf 88' lang='lat' dir='ltr'>Commenta·</span> 
     </span>
     <span class='ocr_line' id='line_1_18' title="bbox 56 4073 1122 4186; baseline -0.007 -28"><span class='ocrx_word' id='word_1_105' title='bbox 56 4084 222 4160; x_wconf 89' lang='lat' dir='ltr'>tionibus</span> <span class='ocrx_word' id='word_1_106' title='bbox 240 4080 347 4162; x_wconf 90' lang='lat' dir='ltr'><strong>XIV.</strong></span> <span class='ocrx_word' id='word_1_107' title='bbox 378 4109 444 4185; x_wconf 90' lang='lat' dir='ltr'>per</span> <span class='ocrx_word' id='word_1_108' title='bbox 460 4087 655 4186; x_wconf 87' lang='lat' dir='ltr'>interualla</span> <span class='ocrx_word' id='word_1_109' title='bbox 677 4084 826 4186; x_wconf 91' lang='lat' dir='ltr'>publice</span> <span class='ocrx_word' id='word_1_110' title='bbox 844 4083 1001 4181; x_wconf 89' lang='lat' dir='ltr'>scriptis:</span> <span class='ocrx_word' id='word_1_111' title='bbox 1032 4076 1059 4154; x_wconf 92' lang='lat' dir='ltr'>I.</span> <span class='ocrx_word' id='word_1_112' title='bbox 1075 4073 1122 4153; x_wconf 90' lang='lat' dir='ltr'>ll.</span> 
     </span>
     <span class='ocr_line' id='line_1_19' title="bbox 59 4186 1127 4303; baseline -0.005 -33"><span class='ocrx_word' id='word_1_113' title='bbox 59 4197 95 4270; x_wconf 82' lang='lat' dir='ltr'>de</span> <span class='ocrx_word' id='word_1_114' title='bbox 118 4198 200 4274; x_wconf 86' lang='lat' dir='ltr'>LL.</span> <span class='ocrx_word' id='word_1_115' title='bbox 220 4197 336 4276; x_wconf 83' lang='lat' dir='ltr'>Locris</span> <span class='ocrx_word' id='word_1_116' title='bbox 353 4202 685 4303; x_wconf 77' lang='lat' dir='ltr'>scriptisuZnieuro</span> <span class='ocrx_word' id='word_1_117' title='bbox 707 4197 735 4276; x_wconf 95' lang='grc' dir='ltr'>Ι.</span> <span class='ocrx_word' id='word_1_118' title='bbox 760 4216 797 4275; x_wconf 94' lang='lat' dir='ltr'>et</span> <span class='ocrx_word' id='word_1_119' title='bbox 814 4194 861 4274; x_wconf 92' lang='lat' dir='ltr'>ll.</span> <span class='ocrx_word' id='word_1_120' title='bbox 898 4201 1013 4289; x_wconf 84' lang='lat'>1767.</span> <span class='ocrx_word' id='word_1_121' title='bbox 1052 4186 1127 4265; x_wconf 86' lang='lat' dir='ltr'>lll-</span> 
     </span>
    </p>
   </div>
   <div class='ocr_carea' id='block_1_5' title="bbox 58 4299 1127 4507">
    <p class='ocr_par' dir='ltr' id='par_1_6' title="bbox 58 4299 1127 4507">
     <span class='ocr_line' id='line_1_20' title="bbox 58 4299 1127 4507; baseline -0.007 -121"><span class='ocrx_word' id='word_1_122' title='bbox 58 4308 687 4507; x_wconf 52' lang='lat' dir='ltr'>utrr.olifauntnqiw.</span> <span class='ocrx_word' id='word_1_123' title='bbox 727 4315 923 4443; x_wconf 59' lang='lat' dir='ltr'>monn.</span> <span class='ocrx_word' id='word_1_124' title='bbox 938 4331 1002 4402; x_wconf 86' lang='lat'>70.</span> <span class='ocrx_word' id='word_1_125' title='bbox 1032 4299 1127 4489; x_wconf 65' lang='lat' dir='ltr'>qq</span> 
     </span>
     <span class='ocr_line' id='line_1_21' title="bbox 616 4457 1122 4507; baseline -0.01 -19"><span class='ocrx_word' id='word_1_126' title='bbox 616 4457 639 4507; x_wconf 82' lang='lat'>,</span> <span class='ocrx_word' id='word_1_127' title='bbox 1070 4457 1087 4488; x_wconf 33' lang='grc' dir='ltr'><em>Λ</em></span> <span class='ocrx_word' id='word_1_128' title='bbox 1115 4470 1122 4483; x_wconf 94' lang='grc'><strong>.</strong></span> 
     </span>
    </p>
   </div>
   <div class='ocr_carea' id='block_1_6' title="bbox 0 0 1276 4942">
    <p class='ocr_par' dir='ltr' id='par_1_7' title="bbox 0 0 1276 4942">
     <span class='ocr_line' id='line_1_22' title="bbox 0 0 1276 4942; baseline 0 1"><span class='ocrx_word' id='word_1_129' title='bbox 0 0 1276 4942; x_wconf 95' lang='lat' dir='ltr'> </span> 
     </span>
    </p>
   </div>
  </div>
 </body>
</html>
