2542 5146
151 727 237 806 404
547 686 829 742 Ξ

221 972 222 975 p
270 881 331 958 111.
364 875 485 979 Caput
506 875 688 954 Vidoriae
718 872 864 975 pedore
892 892 1033 967 renus,
1083 864 1239 954 humeri'

156 993 278 1092 alatis,
311 1017 416 1085 coma
434 992 479 1071 ad
497 989 854 1091 verticenrbreuinda.
877 987 932 1067 X.
974 1024 1018 1066 =
1049 989 1155 1069 Mars
1170 1009 1217 1067 tra

156 1107 392 1208 paeophorus
411 1109 523 1198 stans3
556 1105 658 1181 laeua
683 1120 896 1204 tropaeum,
944 1105 1087 1183 dextra
1111 1107 1217 1183 hastaa

153 1220 394 1297 transuersam
415 1234 562 1296 tenens:
596 1217 736 1298 alaeua
760 1218 853 1317 spica
876 1218 1094 1309 frumenti,
1122 1221 1219 1297 adea·

155 1350 209 1411 tra
226 1359 318 1434 apex
345 1334 536 1411 flaminius.
565 1334 693 1411 Marcii
714 1334 763 1409 II.
790 1359 823 1408 2.
884 1328 990 1409 Cum
1020 1335 1104 1412 duo
1123 1331 1219 1412 Lva

154 1448 236 1526 lerii
261 1447 380 1527 Flacci
408 1446 590 1526 Fiamiaes
619 1432 888 1533 memorentur,
929 1447 1033 1523 alter
1051 1446 1138 1527 Cos.
1154 1457 1216 1524 622.

157 1586 190 1638 v.
212 1559 288 1638 Cic.
314 1557 404 1638 Phil.
419 1559 501 1648 XI,
527 1560 559 1652 8'.
600 1561 692 1636 alter
723 1556 872 1637 Praetor
894 1556 1005 1636 Adae
1036 1573 1092 1657 69
1108 1590 1136 1637 ι.
1173 1587 1216 1662 pra

157 1701 234 1777 quo
250 1673 381 1752 Cicero
397 1673 548 1754 caussam
568 1672 682 1763 dixit,
714 1697 746 1748 v.
758 1669 834 1749 Cic.
857 1673 904 1749 de
924 1670 1022 1750 Div.
1039 1676 1068 1762 1,
1086 1685 1153 1771 46.
1179 1678 1217 1750 ali

156 1815 312 1868 numum
340 1792 383 1866 ad
407 1792 565 1890 priorem
589 1788 769 1876 referunt,
800 1785 1099 1888 Haaereampus
1117 1792 1218 1890 adpo

156 1906 363 1991 steriorem,
393 1919 431 1980 vt
448 1905 492 1979 ab
517 1905 595 1978 eius
617 1901 693 1979 filio
711 1900 870 1999 signatus
893 1899 957 1988 fit,
1006 1927 1132 2002 quem
1151 1911 1219 1981 inter

155 2019 239 2096 odo
270 2019 466 2117 praefectos
499 2041 517 2091 a
538 2012 687 2091 Caesare
709 2018 748 2090 in
770 2013 985 2114 Hiipaaiam
1022 2022 1218 2117 profetiam

152 2133 370 2209 constitutos
394 2128 494 2207 faiffe
525 2133 684 2208 coniicit.

264 2292 610 2373 VARGVNTEIA.
670 2297 696 2372 1.
725 2291 846 2395 Caput
862 2293 1010 2373 Romae
1031 2301 1217 2399 galeatuaa

151 2408 203 2488 X.
233 2407 287 2488 M.
302 2409 576 2487 VARGanter'ar.
613 2407 810 2511 :Jupiter
825 2413 860 2483 in
879 2412 1083 2510 quadrigis
1107 2420 1218 2493 trian-

152 2526 344 2625 phalibus,
376 2524 502 2599 dextra
522 2522 692 2624 palmam,
719 2524 821 2600 laeua
842 2523 986 2599 fulmen
1008 2550 1104 2606 cum
1123 2552 1220 2632 equa·

151 2665 235 2716 rum
257 2640 409 2715 habenis
429 2655 565 2715 tenens.
599 2635 760 2715 ROMA.
796 2635 930 2715 Morall.
945 2640 980 2718 I.

157 2901 160 2908 ι
263 2801 408 2880 Vlssla.
471 2808 493 2880 Ι.
520 2801 642 2901 Caput
658 2802 839 2903 Apollinis
857 2804 1081 2886 laureatum.
1116 2806 1215 2888 PAN-

152 2913 218 2994 SA.
250 2938 288 2978 Ξ
315 2919 482 2993 Minerva
502 2919 745 3015 tropaeuchos
761 2922 798 2992 in
817 2920 1008 3018 quadrigis
1021 2926 1215 3001 concitaris.

152 3029 193 3107 C.
217 3029 384 3109 VIBIVS
408 3029 448 3106 C.
462 3031 499 3108 F.
553 3031 691 3129 Magna
716 3031 851 3109 horam
879 3031 1090 3113 nunroraam
1124 3039 1215 3137 copia

46 3155 48 3162 '
149 3146 280 3220 eidiat:
318 3149 382 3241 qui
401 3147 450 3220 ob
468 3144 651 3220 aidorianr
677 3148 723 3222 de
741 3146 794 3223 Μ.
813 3151 977 3225 Antonio
994 3153 1044 3226 ab
1064 3150 1125 3230 Μ.
1145 3152 1216 3229 Hir·

152 3264 205 3334 tio
224 3275 260 3335 et
278 3256 431 3334 C.Pansa
443 3257 535 3335 cors.
555 3274 774 3358 reportatam
791 3261 863 3336 cuii
880 3263 1068 3340 videntur.
1114 3266 1218 3365 Apol·

146 3376 231 3450 linis
255 3390 364 3471 caput
383 3375 557 3472 respicere
575 3390 723 3472 putatur
735 3391 941 3472 praeturam
960 3374 1101 3455 Pansae
1124 3384 1219 3457 vrba

148 3510 256 3575 nam,
292 3490 332 3561 in
353 3510 425 3587 qua
442 3489 550 3563 ludos
573 3485 806 3587 Apollinares
829 3507 1032 3566 curaaerat.
1084 3491 1219 3572 Marad.

142 3603 213 3686 al,
237 3618 274 3684 8.

260 3716 302 3792 ΙΙ.
334 3713 448 3791 Sileni
466 3715 618 3814 perlbna
632 3715 779 3792 scenica.
811 3712 977 3792 PANSA.
1013 3718 1220 3822 :Jupiter

144 3824 296 3916 Anxur,
329 3831 447 3928 capite
469 3829 628 3915 radiato,
659 3854 815 3928 corpore
833 3829 1045 3915 senainudo,
1075 3833 1219 3924 sedens,

140 3939 247 4017 laeua
270 3942 424 4030 hastam,
461 3942 586 4019 dextra
610 3958 768 4040 pateram
788 3957 926 4019 tenens.
969 3940 1011 4019 C.
1032 3941 1219 4029 VIBIVS

142 4052 222 4131 Caii
245 4055 284 4133 F.
311 4053 352 4130 C.
386 4056 434 4133 N.
462 4054 600 4132 IOVIS
631 4055 868 4135 ANXVRIS.
927 4054 1053 4156 Origo
1080 4057 1219 4141 Vibiae

140 4173 262 4268 gentis
285 4195 305 4246 e
325 4167 523 4269 Campania
549 4171 752 4246 declaratur
779 4197 844 4272 per
862 4170 994 4272 Jovenr
1019 4171 1221 4256 Anxurem

118 4377 123 4386 Ι
128 4287 333 4383 praecipua
363 4284 543 4380 religione
564 4284 782 4361 Terracinae
810 4288 883 4361 coli
905 4287 1064 4363 lolitum.
1116 4315 1149 4367 v.
1175 4293 1219 4368 ad

136 4394 239 4498 Virg.
263 4396 458 4487 aenan,
481 4422 571 4495 797.
633 4398 747 4476 Sileni
777 4420 900 4477 autem
921 4401 1075 4501 persona
1102 4400 1219 4484 Libe·

319 4511 320 4514 ’
1118 4519 1210 4597 ralia
