2550 5108
140 789 384 897 proludamue
406 785 564 865 sollenni
589 777 743 864 cristino
770 785 1024 887 disputatione
1050 784 1205 887 aliquae

142 906 404 986 communibus
430 901 555 979 studiis
582 900 775 1000 depromta
799 915 864 979 aut
881 903 993 979 facile
1015 904 1062 978 ad
1079 903 1142 978 illa
1162 927 1208 978 re·

138 1019 318 1098 vocanda.
377 1018 549 1115 Cumque
564 1018 852 1106 meminerimus,
879 1016 925 1092 ad
944 1040 1001 1106 ea,
1022 1040 1121 1117 quae
1136 1032 1209 1094 ante

140 1135 210 1211 hos
226 1130 312 1213 XX
326 1131 401 1207 fere
419 1152 536 1207 aanor
552 1128 591 1208 cle
606 1129 921 1230 rerumpublicarum
933 1132 1094 1228 Magnae
1114 1132 1208 1210 Grac.

140 1253 208 1328 'rr'ar
230 1274 269 1325 ac
287 1244 418 1324 Siciliae
433 1244 662 1347 descriptione,
701 1243 823 1341 legibus
840 1256 871 1321 ct
891 1248 1069 1346 institutis,
1113 1271 1209 1323 com-

140 1363 297 1439 mentari
311 1363 565 1458 inceperimus
579 1360 639 1452 a),
669 1357 845 1461 superine
861 1359 1051 1437 nonnulla
1069 1365 1208 1440 monitu

140 1476 203 1553 seu
218 1470 410 1552 neceffaria
426 1472 487 1549 seu
505 1471 624 1550 utilia:
654 1496 702 1548 ne
721 1474 844 1573 quida
860 1474 970 1549 uobis
987 1474 1034 1551 ad
1052 1479 1208 1575 priorem

139 1589 237 1669 hauc
261 1585 394 1667 saeculi
423 1586 621 1664 academici
645 1600 786 1686 partem
809 1586 970 1688 spectans
992 1589 1206 1669 inchoatum

139 1705 391 1803 relinquatur,
436 1702 552 1778 autin
576 1701 733 1778 alterum
747 1700 1060 1778 senrisaecularem
1086 1707 1207 1784 decur.

140 1819 223 1895 sum
247 1816 456 1904 differatur,
498 1814 730 1892 subiiciemus
764 1815 826 1895 hic
857 1814 1063 1906 nonnulla,
1119 1844 1206 1920 quae

141 1934 276 2033 partim
294 1958 335 2008 cx
358 1935 413 2015 iis,
446 1952 541 2028 quae
563 1929 634 2006 suis
659 1931 888 2029 temporibus
910 1928 1096 2028 disputata
1118 1936 1205 2026 tunt,

139 2051 177 2123 r'n
198 2071 297 2122 vnum
323 2047 398 2140 cogi
417 2054 448 2118 rt
462 2042 589 2139 colligi,
633 2056 697 2121 aut
717 2071 822 2121 nauac
840 2048 1053 2121 annotationi
1082 2048 1205 2127 locum

138 2158 260 2236 facere
274 2155 430 2258 pois-ant.
478 2154 756 2236 Praemittemus
765 2159 822 2236 his
834 2159 1030 2234 litterariam
1047 2179 1205 2261 partem3

139 2271 244 2350 fuere
270 2273 369 2352 enirn
384 2272 577 2373 scriptores,
603 2274 669 2372 qui
685 2274 817 2372 purtim
844 2269 1050 2376 respublicas,
1075 2283 1207 2379 partim

140 2383 222 2485 leger
244 2398 276 2464 et
301 2389 453 2489 instituta-
472 2384 700 2487 descripsere.
1122 2408 1126 2414 ·

148 2650 157 2667 .,
254 2583 450 2679 Quantum
476 2584 626 2684 quidem
644 2588 874 2688 reperimus,
906 2589 1049 2687 primus
1075 2594 1117 2670 iu
1142 2594 1214 2673 hoc

62 2714 63 2718 ‘
142 2721 279 2798 genere
296 2723 422 2778 verum
448 2699 539 2776 vidit
562 2702 772 2802 Aristotcles:
814 2703 919 2779 cuius
946 2702 993 2783 de
1021 2711 1211 2806 republica

140 2813 375 2911 (Πολιτικῶν)
402 2812 516 2890 libros
530 2811 620 2892 thl
643 2814 803 2892 seruatos
826 2817 935 2892 nobis
951 2815 1020 2895 effe
1046 2821 1109 2898 etlr
1132 2848 1211 2923 gra·

140 2926 325 3016 tutamur,
354 2930 464 3028 periit
485 2940 609 3005 tamen
626 2928 782 3009 alterum
806 2930 884 3007 eius
902 2953 996 3031 opus
1012 2931 1131 3034 longe
1146 2941 1212 3015 vti·

139 3038 334 3130 liilrmum,
368 3042 472 3142 quod
501 3053 679 3142 tanquam
705 3043 863 3121 fundum
888 3047 922 3121 ei
952 3045 1210 3143 substraxerat,

141 3178 296 3234 amnem
315 3156 519 3234 multorum
538 3171 748 3256 temporum
773 3161 989 3237 memoriam
1012 3167 1211 3268 variosque

142 3267 365 3352 Graecarum
382 3293 543 3368 rerump.
569 3284 744 3361 conatus,
774 3276 1025 3372 experimenta
1046 3291 1085 3352 et
1108 3302 1212 3357 conr-

139 3395 283 3482 menta,
308 3384 443 3482 quibus
460 3382 506 3460 ad
523 3397 620 3462 certa
639 3385 750 3465 huius
765 3385 975 3487 disciplinae
987 3386 1214 3490 legumlato-

1133 3513 1216 3589 riae

149 3683 153 3689 '
183 3683 223 3767 a)
243 3675 534 3749 commentationes
554 3695 640 3750 errnt
661 3688 748 3759 XlV.
798 3690 927 3758 Scilicet
945 3689 983 3751 de
1006 3691 1076 3758 LL.
1103 3696 1216 3765 Locris

148 3786 153 3794 ·
247 3768 374 3852 scriptis
393 3768 564 3836 aZalcuco
586 3775 610 3835 i.
626 3772 666 3836 lt.
690 3779 781 3852 1767.
827 3775 896 3840 LL.
913 3773 1092 3843 Clraranrlac
1117 3785 1211 3853 l-lV

149 3881 158 3922 ·.
255 3863 348 3929 1708.
365 3857 415 3932 69.
431 3871 488 3934 7ο.
528 3854 673 3943 Instituta
695 3865 724 3922 ct
745 3857 815 3922 LL.
843 3857 1062 3942 Sybaritarum
1080 3873 1109 3929 ct
1125 3865 1213 3932 Tlur·

252 3936 371 4000 riarum
396 3937 501 4002 I-llI.
534 3956 625 4020 1771.
645 3956 695 4021 72·
744 3942 991 4008 crotoniatarum
1010 3964 1101 4030 1774.
1139 3954 1214 4034 reliq

255 4039 389 4103 quarum
421 4019 549 4086 Aclralcr'
575 4025 655 4087 iuris
680 4028 836 4091 ciuitatum
869 4046 955 4108 1774
1003 4027 1209 4121 Dorienfium,

250 4119 284 4165 et
303 4105 336 4164 in
357 4106 406 4167 his
433 4106 664 4170 Tarentinamrm
684 4127 758 4188 1775
794 4110 1024 4199 Heracliensium
1048 4123 1138 4196 1776.
1162 4142 1213 4183 co·

147 4234 153 4245 .
249 4186 460 4273 tantarumque
482 4210 504 4255 a
527 4189 706 4264 Corinthiis,
730 4190 869 4270 eroclir's,
895 4195 1047 4280 Meffcnu's
1064 4199 1210 4268 maulia·

249 4289 345 4349 rum;
385 4274 509 4336 tandem
548 4273 708 4346 Chatriaioi
724 4281 848 4364 generis
874 4282 1120 4371 reliquarumque
1134 4287 1219 4376 siin.

246 4353 335 4441 plum
355 4355 540 4425 coloniarum
562 4377 654 4443 1777.
