2520 4950
54 161 113 232 42¹
449 118 741 173 m

52 330 140 385 rem.
174 301 213 380 dt
238 326 302 399 qun
320 302 365 403 fit
389 301 624 401 rutttrortrrfiu,
677 296 730 373 isse
747 296 925 401 poffldeat,
967 299 1122 398 quamdiu

52 421 93 494 sit
109 415 275 516 pendebit,
302 441 504 513 preterquam
524 423 606 497 erat,
636 438 706 487 rum
726 416 760 488 in
775 418 824 488 ins
837 409 949 514 surffet
963 414 1118 493 adraim.

51 528 224 608 Narratio
247 528 380 606 eodem
402 528 488 608 loco
515 528 564 603 est
589 525 634 605 de
660 528 906 605 controuersia
929 528 1035 628 super
1053 530 1121 605 hu·

52 647 109 724 ius
126 644 218 742 legis
238 643 413 720 sententia
431 657 522 730 orta,
548 663 635 721 cum
651 641 741 719 aster
757 643 861 718 asteri
879 646 1118 745 mancipium,

52 757 156 858 quod
191 761 221 833 ia
253 757 374 839 adhuc
400 754 629 856 possederat,
687 780 754 856 per
788 759 864 835 vim
903 755 1119 847 abduxisset,

51 858 154 972 prior
185 885 307 948 autem
336 895 429 948 nrox
451 872 675 969 mancipium
700 894 812 947 manu
835 871 1055 971 prehensum
1080 874 1120 951 in

50 989 230 1063 iudicium
247 982 459 1073 adduxisset,
490 1009 532 1061 ac
545 984 733 1087 sponsores
752 984 861 1061 daret.
921 983 998 1068 Iam
1020 989 1121 1065 enim

50 1116 225 1199 vterque,
262 1113 299 1174 et
315 1099 412 1179 atior
439 1112 475 1175 et
491 1122 594 1183 reus,
626 1095 879 1199 possessronenr
908 1103 960 1175 rei
980 1102 1120 1198 litigio·

50 1214 106 1292 sae
130 1216 174 1290 ad
200 1215 234 1290 se
261 1216 442 1312 pertinere
469 1215 753 1289 contendebant.
813 1213 884 1292 Sed
901 1214 947 1290 ad
965 1213 1120 1291 caussam

51 1327 271 1429 [iugularem
298 1326 514 1409 descendere
540 1350 642 1410 nune
667 1351 743 1403 non
768 1327 968 1429 possumus.

66 1668 68 1672 ι
163 1567 257 1643 Sunt
270 1566 407 1644 scilicet
423 1566 541 1643 adhuc
561 1566 783 1643 subiicienda
801 1562 995 1650 nonnulla,
1022 1585 1117 1661 quae

52 1681 97 1760 ad
124 1680 251 1778 legum
276 1705 294 1755 a
321 1681 486 1763 Zaleuco
511 1681 665 1756 laturum
691 1683 870 1759 rationem
896 1678 1052 1754 omnino
1082 1692 1119 1760 et

50 1793 215 1873 indolem
241 1794 407 1893 speciant.
479 1791 665 1871 Laudatur
691 1797 815 1892 itaque
840 1796 878 1868 in
904 1817 949 1869 eo
967 1807 1003 1866 et
1023 1788 1119 1868 Cha·
1213 1878 1214 1882 Ἴ

51 1909 192 1997 ronda,
216 1912 281 2008 qui
305 1907 534 1985 Thuriorum
558 1908 702 2008 legibus
721 1908 919 1983 scribendis
934 1904 1117 1993 inclaruit,
1196 1950 1205 1983 ι

52 2047 148 2123 quos
174 2025 281 2097 etiam
301 2019 405 2098 Plato
429 2026 591 2103 imitatus
621 2023 688 2109 est,
727 2036 762 2097 et
784 2020 935 2109 Cicer0,
971 2033 1008 2097 et
1031 2044 1118 2120 pro·
1221 2096 1232 2105 ,,

52 2137 157 2212 bauit
176 2134 410 2226 Posidonius,
449 2137 610 2236 quodin
637 2136 781 2235 legibus
801 2162 879 2215 non
908 2134 1119 2234 simpliciter

53 2265 90 2327 et
113 2249 212 2327 nude
234 2266 271 2325 et
290 2253 499 2350 imperiose,
532 2274 626 2349 quae
643 2251 808 2327 facienda
828 2251 886 2327 vel
912 2247 1116 2327 omittenda

52 2362 182 2451 essent,
210 2365 490 2464 perscriberent,
530 2390 677 2453 verum,
715 2368 929 2466 priusquam
955 2363 1018 2438 lex
1041 2362 1117 2463 ipsa
1204 2397 1242 2411 s

6 2465 12 2474 ’
54 2494 346 2578 proponeretur,
377 2481 413 2553 in
435 2478 798 2562 commendationem
822 2480 916 2577 legis
934 2476 1117 2555 nonnulla
1200 2513 1205 2562 ς

51 2596 337 2691 praemitterent,
369 2595 504 2690 quibus
525 2593 780 2692 persuaderent
794 2597 950 2683 ciuibus,
981 2607 1117 2672 vteam
1204 2635 1207 2673 ;

52 2704 126 2784 fibi
142 2706 332 2783 salutarem
350 2705 417 2783 esse
433 2722 605 2806 putarent
621 2707 674 2806 i).
719 2708 768 2787 At
782 2708 918 2787 Seneca
938 2702 1030 2805 (Ep.
1045 2705 1117 2804 94)

978 2823 1120 2922 impto-
1213 2820 1216 2821 ⁷

143 3013 258 3076 detur
281 3010 333 3074 hir.
353 3011 394 3072 ita
412 3008 559 3086 statuisse,
594 3019 629 3074 vt
649 3010 722 3074 huie
744 3011 832 3076 alteri
861 3011 1008 3074 vindicias
1032 3013 1120 3076 daret

166 3107 286 3160 errem
314 3083 468 3177 pendente
495 3096 551 3158 site
580 3093 785 3177 possidendam
808 3098 975 3160 addiceret.
1024 3096 1121 3176 Legis

166 3181 271 3261 itaque
299 3178 398 3240 verbis
430 3177 623 3260 magistratus
652 3179 849 3259 pertinaciter
873 3177 1013 3244 inhaesit.
1072 3181 1122 3245 Ita

165 3263 270 3326 sastern
292 3263 467 3341 accipienda
489 3263 633 3327 videntur
653 3264 745 3324 verba
769 3263 887 3345 Posybsi
917 3283 944 3344 p.
958 3281 1031 3344 334.
1069 3260 1122 3325 riv

167 3347 200 3409 δὲ
220 3345 446 3418 διαστείλασθαι
460 3355 518 3407 ete.
544 3357 576 3407 et
594 3347 759 3412 secundum
786 3347 865 3409 hanc
890 3347 1122 3430 interpretatio·

165 3450 237 3493 nem
260 3432 351 3492 etiarn
373 3431 491 3491 iudices
513 3427 693 3492 sententiam
717 3430 825 3494 rosere.

95 3545 131 3624 i)
150 3545 259 3608 Cicero
280 3546 318 3602 de
340 3543 452 3608 1,1,.11.
468 3545 499 3609 6.
544 3544 606 3610 Sed
625 3553 659 3609 vs
679 3580 719 3592 -
734 3545 809 3626 seris
827 3544 920 3608 Plato
942 3578 981 3591 -
1000 3542 1032 3607 id
1047 3543 1123 3609 misi

168 3627 254 3691 eredo
274 3625 327 3708 effa
342 3626 533 3707 faciendum,
561 3640 595 3693 nt
617 3632 796 3708 perarantem
819 3632 829 3691 i
845 3627 914 3712 suin
933 3628 1026 3711 segent
1048 3631 1124 3692 reci-

121 3773 123 3777 .
170 3720 228 3775 tem
248 3711 285 3773 de
305 3714 368 3791 rins
385 3710 462 3794 segis
479 3710 569 3777 sande
589 3713 709 3790 diturn;
752 3650 849 3798 quos

170 3804 288 3865 retinet
312 3793 504 3860 Charondam
525 3795 626 3882 stciffe
643 3796 736 3862 tideo.
782 3799 844 3864 Vix
867 3801 898 3860 in
924 3798 1053 3880 singuiis
1080 3798 1126 3861 se·

853 3714 930 3778 idem
954 3720 983 3775 et
1004 3710 1125 3777 Zuseu-
1228 3768 1237 3771 γ,

62 3910 78 3949 .’
170 3879 262 3962 gibue
287 3880 463 3962 putabimus
489 3880 522 3943 id
548 3882 689 3957 sactum,
724 3883 774 3947 sed
800 3882 833 3946 in
859 3881 923 3947 soso
949 3883 1123 3963 prooemio.
1212 3934 1213 3940 ,

955 3965 1127 4050 Subiungit
1198 4025 1202 4044 ,
