2572 5094
156 632 361 705 234·
551 591 846 648 aa.

151 795 242 859 'vota
266 803 468 882 precesque
491 778 564 857 fitis
591 780 831 871 exhortandi,
864 795 1012 858 utemur
1039 781 1225 860 occasione

156 892 301 985 oblata,
331 910 385 981 et,
419 895 521 995 quod
548 894 665 971 facere
691 893 811 971 solent
832 895 1052 985 familiares,
1095 898 1225 997 quibus

154 1010 306 1087 videndi
322 1009 357 1086 se
377 1023 414 1086 et
430 1008 693 1086 confabulandi
710 1008 862 1086 facultas
882 1034 947 1109 per
961 1010 1121 1110 aliquod
1142 1024 1227 1087 tem·

154 1147 226 1224 pus
249 1124 320 1200 suit
343 1141 484 1222 erepta,
515 1147 664 1222 agamus
693 1146 795 1200 nunc
820 1124 865 1201 de
889 1125 997 1201 rebus
1015 1126 1226 1202 communi·

153 1239 237 1326 bus,
267 1251 550 1338 repetamusque
568 1261 646 1313 eam
667 1236 963 1337 disputationem,
994 1261 1112 1338 quam
1130 1262 1226 1320 anno

154 1351 341 1453 superiore
365 1376 508 1430 eramus
543 1350 681 1442 exorsi,
724 1365 765 1428 vt
786 1352 1048 1453 persequamur
1079 1358 1226 1457 instituta

155 1480 188 1543 et
218 1467 299 1563 leger
331 1471 501 1545 ciuitatum
528 1467 731 1544 Doricnrum
754 1494 818 1566 per
847 1469 1014 1564 Magnam
1051 1469 1225 1545 Graeciam

152 1580 370 1664 etSr'riliunrs
425 1596 462 1659 et
484 1603 585 1657 nunc
611 1579 770 1680 quidem
792 1581 838 1656 de
856 1579 1033 1658 Heraclea
1059 1607 1230 1682 agemus,
1275 1615 1276 1656 ι

154 1719 249 1796 quae
284 1696 480 1797 disputatio
507 1694 692 1772 nonnulla
726 1694 1008 1795 complectetur,
1051 1719 1150 1796 quae
1183 1696 1225 1773 ad

57 1902 62 1907 ⁶
123 1813 346 1910 ¹antiquam
386 1809 709 1910 iurisprudentiam
751 1808 992 1909 spetlabunt,
1052 1833 1223 1911 quaeque

153 1926 247 2002 adeo
271 1948 426 2024 magnae
449 1923 608 2000 vestrum
632 1924 745 2023 parti,
783 1937 911 2022 utpote
934 1924 995 2000 seu
1012 1923 1152 2023 legum
1171 1930 1224 2002 iu·

151 2042 336 2141 numque,
367 2039 427 2114 seu
444 2039 669 2137 antiquitatis
687 2035 812 2114 douae
828 2037 1004 2129 lludiosrs,
1030 2038 1223 2139 displicere

150 2152 250 2230 haud
277 2165 464 2253 poterunt
524 2150 641 2245 Quod
659 2149 683 2226 sr
701 2153 762 2228 cui
784 2164 905 2227 tamen
928 2153 1131 2230 iucundius
1147 2155 1224 2231 fue·

151 2269 217 2354 rit,
258 2268 551 2366 de·quacunque
574 2265 701 2341 aliare
740 2289 824 2342 cum
855 2267 1024 2343 adstante·
1048 2267 1109 2344 vel
1133 2267 1223 2345 adsi·

153 2381 265 2459 dente
281 2384 401 2459 amico
417 2378 600 2470 sermones
619 2379 754 2468 serere,
784 2404 856 2456 nos
878 2381 1028 2481 quidem
1048 2394 1124 2458 tam
1143 2407 1224 2460 mo-

151 2495 226 2573 rosr
251 2520 330 2572 non
352 2496 496 2585 sumus,
540 2498 631 2596 quin
657 2493 752 2570 illud
774 2492 849 2571 fine
876 2496 949 2572 vlla
965 2497 1079 2573 nostri
1103 2498 1226 2575 offen-

151 2605 253 2690 srone
274 2610 393 2688 sacere
420 2609 538 2690 liceat.

265 2878 328 2960 De
353 2879 562 2958 Tarentinis
594 2879 779 2982 superiore
815 2882 1026 2983 prolusione
1056 2889 1222 2984 egimus:

151 3021 313 3100 quorum
339 2997 488 3074 colonia
513 3019 598 3072 cunr
615 2996 774 3073 Heraclea
799 2996 902 3088 esset,
932 3003 970 3076 in
991 2999 1118 3077 eadem
1139 3001 1225 3079 Ma·

149 3135 247 3212 gnae
279 3108 453 3193 Graeciae
480 3134 544 3186 ora
571 3113 666 3190 inter
700 3110 966 3212 Metapontum
989 3108 1025 3190 et
1049 3115 1222 3215 Sybarin,

150 3231 189 3315 iu
210 3235 299 3324 agro
329 3228 441 3301 nrirae
457 3224 660 3312 felicitatis,
707 3224 786 3315 srta,
826 3231 1041 3327 proximum
1068 3230 1140 3321 est,
1181 3248 1224 3309 vt

150 3341 197 3418 de
222 3364 262 3414 ea
289 3340 453 3415 dicamus
475 3342 535 3429 a).
619 3328 795 3441 Origines
828 3343 979 3440 quidem
1012 3345 1090 3420 eius
1123 3346 1221 3424 vltra

152 3450 214 3532 Ol.
228 3449 444 3531 LXXXVI
472 3476 550 3529 non
567 3450 775 3554 assurgunt3
806 3456 878 3533 suit
898 3470 1021 3535 tamen
1046 3471 1153 3536 antea
1178 3463 1220 3538 in

1085 3575 1223 3654 iisdem

192 3819 230 3902 u)
254 3817 331 3897 Egit
346 3817 387 3878 ue
408 3835 444 3882 ea
469 3817 535 3882 lose
556 3818 771 3902 potiusquam
796 3820 919 3902 copiose
942 3821 990 3885 vir
1008 3820 1127 3890 doctiss.
1150 3825 1221 3890 Ms-

264 3901 355 3966 zoch.
379 3902 411 3962 in
434 3902 610 3968 Commeat.
633 3903 664 3966 in
682 3907 741 3967 tab.
759 3903 1007 3970 Heracleensem.
1052 3908 1159 3990 ltaque
1182 3931 1219 3973 ea

261 3981 449 4070 potlffimum
476 3987 683 4067 attingemus,
720 4007 800 4069 quae
821 3990 861 4050 'ab
886 4011 924 4052 eo
947 4010 1051 4070 parum
1074 4005 1221 4057 accunte

262 4070 385 4152 prodita
407 4073 585 4137 autminus
607 4074 771 4135 commode
793 4072 907 4154 digesta
935 4074 1095 4138 visisunt.
1153 4076 1220 4140 Te·

261 4154 405 4218 nebimus
423 4166 526 4217 autern
547 4175 666 4216 rnorem
689 4155 825 4219 nostrum
848 4170 880 4218 et
901 4156 932 4219 in
953 4178 1038 4221 oram
1056 4159 1155 4223 libelli
1170 4181 1222 4223 re·

261 4237 403 4300 iiciemus
421 4259 467 4310 ea,
489 4258 568 4320 qnae
586 4238 736 4302 touton·
749 4239 966 4323 disputationis
981 4242 1078 4308 videri
1093 4241 1219 4328 poliant,

261 4342 303 4386 ne
324 4321 459 4406 legentis
481 4322 591 4386 oculos
613 4336 750 4387 teneant.
