2566 4906
184 649 238 742 64
573 626 856 715 m

178 811 365 915 responsum
388 770 551 911 accepisse,
581 819 618 883 ut
627 806 693 910 fibi
719 807 800 906 leger
824 811 1067 911 constituerent.
1093 814 1280 931 quando-,1

180 925 306 1026 quidem
327 929 445 1030 pastor
464 927 598 1021 aliquis,
629 948 743 999 nomen
763 927 793 1000 ei
810 936 882 1001 erut
907 923 1090 1015 Zaleucus,
1125 889 1280 1014 multas}

179 1037 282 1118 ionas
303 1039 383 1139 leges
405 1039 467 1117 illis
485 1040 578 1139 serre
597 1038 706 1140 poffii.
764 1038 912 1134 Agnitus
928 1040 980 1116 ille
998 1045 1170 1144 polloret
1194 1048 1242 1118 irr-
1260 1022 1277 1177 Ι

180 1164 366 1251 inrogatur
395 1152 479 1228 vnde
509 1152 581 1228 illos
610 1145 787 1252 accepisset,
845 1156 1052 1233 ollliuerun
1085 1159 1117 1261 s
1105 1155 1151 1234 br
1179 1185 1270 1258 per
1268 1246 1272 1254 ἢ

169 1271 322 1374 sermnem
347 1293 399 1345 uu
423 1265 565 1344 truditur
586 1263 641 1370 effe
657 1271 820 1343 narrauit.
881 1269 999 1366 Itaque
1023 1270 1075 1347 ille
1094 1270 1271 1349 libertate

176 1384 318 1467 donatus
338 1393 368 1458 et
396 1381 590 1479 legumlator
616 1385 729 1482 constit
715 1391 803 1454 turm
825 1385 878 1482 est.
945 1380 1125 1462 Aduersus
1149 1378 1262 1463 haec

176 1497 356 1599 disputare
385 1495 502 1586 velle,
531 1511 705 1593 tanquam
726 1519 853 1593 parum
881 1496 1086 1590 credibilia,
1116 1499 1282 1593 homi·

174 1616 232 1694 uis
260 1609 345 1688 ellet
360 1624 422 1687 aut
439 1613 518 1688 otio
542 1625 606 1686 aut
629 1609 792 1686 dotlrina
815 1610 1045 1686 abundantis.
1103 1613 1240 1691 Narra·
1272 1624 1276 1633 “

174 1731 230 1806 vit
256 1724 484 1813 Aristoteles,
520 1722 611 1822 quid
633 1725 733 1799 enim
756 1725 792 1798 in
814 1724 874 1800 ista
895 1728 1111 1824 antiquitate
1136 1729 1265 1806 allud
1270 1744 1282 1777 ³

174 1864 319 1935 narrare
340 1837 482 1940 potuit?
514 1861 591 1914 rem
611 1837 723 1937 prisea
747 1838 842 1914 fama
865 1855 1067 1938 acceptam:
1097 1844 1135 1918 in
1164 1867 1256 1971 qua
1280 1876 1281 1879 ¹

173 1954 268 2034 nihil
293 1954 359 2038 eli,
400 1952 503 2051 quod
528 1954 642 2049 genio
669 1951 800 2029 saeculi
822 1954 1039 2050 antiquioris
1063 1970 1126 2031 aut
1149 1933 1256 2034 fidei}
1250 2004 1270 2039 ;

172 2083 236 2146 aut
249 2067 497 2168 probabilitati
513 2078 705 2164 repugnet,
732 2065 823 2140 nihil
840 2065 965 2144 laltenr
982 2067 1081 2143 aliud
1098 2073 1267 2214 potiori

173 2206 258 2265 cunr
280 2180 352 2259 fide
377 2180 470 2256 tradi
491 2181 618 2280 potelt
684 2177 802 2257 Fuere
827 2179 889 2255 illa
917 2195 1033 2258 aetate
1062 2184 1204 2260 multi
1195 2164 1262 2261 m
1271 2219 1280 2276 χ

169 2296 350 2377 seruitute
375 2295 511 2383 habiti,
549 2295 615 2393 qui
644 2296 790 2392 generis
815 2293 1008 2371 nobilitate
1035 2295 1234 2376 domestica

170 2425 209 2490 et
233 2408 376 2485 liberali
402 2409 628 2484 institutione
665 2405 838 2484 dominos
871 2407 953 2485 suos
981 2407 1096 2508 longe
1131 2429 1233 2489 ante-

170 2523 358 2611 cellerent
424 2523 461 2600 Si
483 2518 624 2598 Locrus
651 2520 726 2621 ipse
749 2521 838 2611 fuit,
868 2524 906 2597 in
928 2522 1139 2601 seruitutem
1167 2526 1231 2604 ille

168 2637 409 2732 barbarorum
431 2632 621 2720 abstractus
644 2631 712 2710 elle
729 2637 869 2734 potuit,
899 2650 938 2713 vt
958 2658 1060 2715 nunc
1087 2640 1232 2717 ciuibus

166 2751 391 2843 redderetur.
456 2747 630 2828 Armenta
653 2762 776 2852 autem
802 2749 944 2850 pascere
968 2775 1047 2829 non
1074 2767 1149 2830 erat
1173 2776 1233 2832 res

166 2867 260 2947 adeo
298 2863 507 2964 illiberalis,
565 2875 604 2938 vt
634 2862 680 2938 ad
702 2862 803 2963 leges
835 2854 1039 2943 scribendas
1069 2889 1183 2946 nemo
1211 2895 1233 2947 a

164 2982 328 3084 pastione
361 2975 560 3079 procedere
589 2973 738 3077 pollet:
804 2977 980 3057 habemus
1015 2978 1074 3081 pel
1114 2980 1232 3068 lllofis

165 3092 390 3194 exemplum.
439 3087 589 3167 Contra
610 3088 658 3167 ad
679 3104 820 3170 certum
841 3092 1033 3171 confilium
1048 3093 1230 3175 deflexam

163 3206 233 3297 elle
249 3218 400 3308 apparet
420 3209 684 3296 narrationem,
715 3228 825 3306 quam
850 3205 1042 3286 Diodorus
1065 3209 1230 3308 sequitur

164 3312 263 3411 XII,
288 3345 375 3408 κα,
404 3315 506 3394 inille
531 3317 734 3396 Zaleucum
759 3325 880 3400 virum
907 3322 1013 3424 stirpe
1030 3323 1169 3404 clarum
1189 3342 1228 3403 et

163 3452 318 3534 magnae
339 3436 380 3510 in
401 3433 550 3509 ciuitate
570 3432 631 3511 lua
653 3432 884 3515 autoritatis.
1201 3456 1207 3471 ‘

275 3750 432 3845 utillud
449 3753 623 3846 alterurn,
649 3755 753 3857 quod
771 3780 790 3831 a
805 3756 931 3834 multis
948 3755 1116 3839 affertum
1136 3764 1222 3856 fuit,

159 3863 342 3954 Zaleucum
358 3869 605 3972 Pythagoreum
618 3865 731 3970 suiffe.
757 3871 851 3947 bene
871 3872 1004 3949 refellit
1020 3870 1253 3958 Bentleius.l

160 3982 329 4084 Satisque
351 3984 490 4060 constat
509 3997 593 4060 ante
607 3981 849 4085 Pythagoram
868 3984 1070 4064 Zaleucum
1094 3991 1223 4073 saltem

159 4093 278 4176 CXX
300 4120 481 4173 annorum
506 4098 701 4175 interuallo
724 4096 866 4188 vixisse,
902 4098 1095 4233 siquidem
1124 4109 1224 4189 circa

159 4201 313 4312 Olymp
323 4206 408 4288 [Χ
436 4207 682 4313 Pythagorae,
717 4211 869 4291 Zaleuci
893 4230 1014 4292 autem
1039 4219 1133 4295 circa
1152 4218 1217 4301 Ol

158 4322 314 4408 XXIX.
352 4323 572 4402 collocanda
616 4323 684 4404 elie
719 4340 886 4428 tempora
926 4329 1120 4429 probabile
1164 4333 1215 4413 fit

1108 4441 1220 4528 Certe
