2520 4950
546 633 833 673 ψ’

148 672 209 744 ‘6‘2

165 971 168 981 ’
292 880 869 1063 Ἐρὲφηεΐνιιόη
965 926 1067 1032 II.

504 1168 565 1279 ,cle
619 1164 857 1260 Zaleuco.
925 1094 928 1101 1

152 1387 239 1540 De
269 1447 434 1536 Zaleuco
469 1455 507 1531 in
535 1442 690 1529 diuersus
717 1467 836 1554 partes
870 1444 1093 1554 disputatum
1118 1449 1208 1532 esta

151 1575 237 1648 viris
261 1570 375 1648 dusiis
397 1575 449 1663 u).
508 1566 681 1667 Inprimis
703 1567 880 1644 subtiliter
897 1568 943 1644 de
962 1592 1008 1644 eu
1025 1592 1210 1646 commen·

149 1700 246 1764 tatus
275 1687 324 1761 est
351 1682 564 1762 Brunrmvs
594 1684 633 1757 in
663 1677 746 1784 Diffi
765 1684 873 1785 supra
898 1678 1093 1760 Phalaridis
1126 1685 1209 1786 Epi.

139 1802 237 1905 stolis
264 1794 396 1901 p.337'
411 1798 487 1896 sqq.
520 1818 647 1875 verum
671 1806 746 1871 tam
769 1798 964 1895 impotenti
989 1799 1134 1887 animo,
1160 1813 1208 1888 vt,

149 1912 355 2004 dummodo
377 1903 617 1987 aduersarium
642 1910 818 2010 Boylium
845 1905 1008 1986 laederet
1034 1925 1071 1987 et
1090 1915 1210 2012 exagi-

147 2041 259 2118 taret,
297 2017 371 2124 ipse
397 2048 526 2124 parum
548 2037 690 2100 curaret
720 2024 744 2100 ss
771 2023 849 2100 aliis
874 2023 969 2101 latus
995 2024 1069 2125 ipse
1097 2026 1209 2103 nuda-

149 2156 213 2219 ret.
266 2139 408 2231 ¹Snltem
431 2162 515 2214 vera
541 2151 578 2213 et
593 2137 696 2228 salsa,
729 2137 839 2214 dubia
855 2152 892 2214 et
912 2131 1122 2239 explorata,
1154 2165 1209 2218 ea·

149 2256 235 2331 dem
265 2250 370 2330 lance
398 2252 670 2351 appenduntur.
757 2250 848 2328 Non
875 2275 998 2330 meum
1028 2255 1078 2330 est
1104 2257 1207 2335 iniis

148 2367 377 2461 excutiendis
396 2382 433 2443 et
446 2368 505 2442 se‘u
526 2365 736 2443 refellendis
758 2366 819 2441 seu
835 2364 1032 2457 firmmdis,
1059 2391 1209 2469 operam

148 2482 377 2559 consumere:
422 2480 575 2580 praestat
593 2469 743 2578 singulis
773 2503 888 2580 aequa
915 2483 1050 2572 trutina
1072 2506 1210 2583 expen.

146 2595 191 2672 fis
219 2616 404 2696 opponere
432 2618 495 2682 ea,
541 2616 634 2693 quae
665 2593 726 2669 seu
752 2596 891 2671 veriora
917 2595 1000 2679 sunt
1028 2595 1090 2673 seu
1116 2595 1210 2677 veris

146 2708 339 2798 similiora,
370 2731 485 2807 eaque
510 2707 555 2783 nd
579 2720 693 2783 certas
713 2704 835 2783 classes
857 2711 1030 2806 redigere.
1093 2706 1210 2804 Quod

146 2819 302 2901 Timaeo
337 2815 402 2898 ille
430 2837 574 2898 tantum
607 2821 752 2910 tribuit,
804 2836 845 2896 vt
885 2809 1086 2900 secundum
1122 2850 1216 2932 eum·

146 2941 302 3015 omniuo
329 2950 457 3036 neget,
489 2935 694 3014 Zaleucum
722 2958 883 3035 vnquanr
908 2931 1029 3026 fuisse,
1067 2932 1107 3015 id
1130 2944 1209 3017 eius

142 3052 338 3153 cupiditati
362 3065 399 3127 et
416 3037 497 3128 irae
516 3053 555 3135 in
580 3049 783 3127 aduersario
809 3047 1040 3127 conficiendo
1067 3053 1215 3131 condo-

145 3167 325 3243 nabimus.
384 3164 482 3242 Nam
502 3166 664 3264 primum
691 3159 863 3240 Timaeus
879 3164 952 3241 hoc
971 3189 1047 3242 non
1073 3190 1121 3242 ex
1137 3167 1210 3245 fide

143 3279 304 3358 historici
321 3277 379 3354 sed
397 3279 444 3354 od
463 3278 563 3382 suum
575 3282 755 3378 opinionem
773 3278 987 3373 tradiderut3
1044 3281 1093 3355 ita
1120 3306 1208 3360 vero

28 3417 41 3490 g
143 3416 222 3470 non
254 3391 444 3469 austeritas
479 3393 571 3477 viri,
617 3391 675 3467 sed
701 3391 826 3469 iudicii
844 3394 936 3468 ratio
968 3406 1045 3469 erat
1078 3399 1209 3496 exqui-

143 3506 256 3584 renda
279 3505 339 3606 b);
397 3509 610 3583 innantem
632 3503 828 3583 Timaeum
853 3506 941 3584 odio
966 3509 1093 3597 etita,
1126 3523 1207 3589 turn

1097 3627 1208 3723 perti·

186 3797 230 3881 a)
252 3818 281 3860 v.
306 3794 457 3880 Congesta
486 3814 536 3875 sp.
559 3794 673 3861 Fabric.
702 3795 803 3863 nor.
837 3797 898 3863 To.
909 3795 934 3864 Ι.
964 3818 997 3884 p.
1006 3813 1066 3879 531
1087 3797 1130 3884 sq.
1174 3811 1208 3868 et

255 3879 435 3960 Wesseling.
454 3881 490 3942 ad
510 3881 604 3969 Diod.
625 3880 697 3954 ΧΗ,
719 3899 772 3950 20.

183 3980 227 4068 b)
248 3983 363 4049 Eadem
394 3985 451 4047 hae
480 3982 547 4047 sere
576 3984 623 4047 via
648 3985 795 4063 Polybius
815 3980 979 4049 Timaeum
1009 3985 1142 4063 refellit,
1168 3989 1206 4052 sb

253 4066 419 4131 Aristotele
442 4068 473 4130 in
497 4069 554 4140 lis,
588 4088 667 4149 quse
694 4075 733 4129 de
752 4068 921 4131 Locrorum
946 4070 1120 4149 originibus
1143 4086 1206 4133 rm·

252 4151 316 4214 dita
338 4163 439 4224 erant,
464 4149 707 4214 dissentientem:
736 4159 915 4236 utrumque,
938 4153 997 4227 ait,
1029 4161 1146 4218 tuntum
1166 4169 1206 4221 cx

252 4232 418 4298 consessura
438 4235 570 4299 locutum
590 4227 659 4321 effe,
704 4233 876 4321 Aristotelis
903 4251 974 4299 uero
1000 4243 1205 4303 sanationem

252 4316 307 4400 effe
333 4318 580 4403 onufimilioeem,
609 4312 704 4383 musii
724 4338 763 4383 ex
782 4322 837 4394 iis,
870 4339 949 4404 quae
968 4319 1099 4406 differes,
1122 4324 1205 4407 satis

149 4484 152 4491 ἱ
232 4399 423 4485 intelligent.
468 4403 546 4468 Ere·
566 4405 605 4468 de
624 4403 706 4472 Vitt.
728 4403 818 4468 elib.
834 4403 907 4470 Xll.
929 4409 1037 4488 (psss.
1060 4406 1122 4473 To.
1132 4410 1205 4489 tlt.)
