2572 5094
104 690 187 766 244

497 691 779 708 m

222 831 329 925 Quae
350 827 458 905 huius
482 829 640 904 ciuitatis
662 829 822 907 instituta
843 829 1000 919 fuerint,
1028 859 1072 911 ea
1097 837 1178 935 qui·
1231 839 1233 854 ’

111 953 348 1033 damaetam,
379 965 449 1042 qua
475 941 529 1018 sui
548 944 636 1017 iuris
661 944 751 1032 suit,
788 949 922 1035 exiis,
976 970 1072 1047 quae
1099 973 1179 1024 nar·

109 1079 186 1144 rata
203 1063 305 1148 sunt,
334 1057 462 1153 colligi
481 1058 605 1155 potius
621 1057 756 1154 potest,
788 1081 899 1158 quam
923 1061 1063 1137 disertis
1083 1078 1179 1139 vete·

112 1203 197 1258 rum
211 1174 436 1272 scriptorum
458 1170 551 1245 locis
575 1171 710 1246 doceri.
777 1175 999 1250 Communia
1020 1180 1179 1274 primum

114 1316 200 1372 cum
223 1289 352 1364 ceteris
374 1281 507 1361 Dorici
531 1287 677 1381 generis
704 1286 912 1391 ciuitatibus
946 1289 1065 1366 multa
1103 1315 1180 1366 eam

114 1398 275 1484 habuisse
294 1397 409 1499 perse
426 1410 544 1496 patet;
571 1410 651 1473 tum
668 1421 756 1473 vero
773 1397 1064 1479 Tarentinorum
1082 1404 1180 1503 leges

112 1536 150 1597 et
173 1540 294 1595 mores
313 1534 394 1588 eam
419 1506 567 1587 seruasse
590 1511 781 1610 probabile
809 1512 869 1603 sit,
904 1541 990 1593 cum
1015 1519 1180 1596 colonia-

110 1659 196 1711 rum
221 1626 386 1707 officium
411 1648 453 1702 ac
476 1627 590 1724 pietas
613 1626 704 1700 istud
730 1627 947 1724 postularet;
986 1653 1178 1732 quumque

114 1749 208 1826 adeo
222 1744 278 1822 illi
297 1767 317 1819 a
336 1737 636 1816 Lacedaemoniis
657 1741 841 1838 originem
863 1741 1055 1836 haberent,
1073 1751 1180 1824 etiam

1138 1860 1179 1937 ad

225 2081 416 2160 Quod'vero
432 2076 639 2160 grauissimum
656 2081 713 2147 est.
736 2101 796 2146 nec
810 2080 1054 2146 animaduersum
1077 2071 1182 2146 ariria

224 2165 337 2236 doftia,
357 2167 402 2226 ait
421 2166 528 2228 Cicero
550 2187 567 2226 a
588 2164 618 2228 P.
636 2164 737 2228 Crasso
757 2159 1004 2230 Heracleensiom
1022 2167 1181 2248 legionem

224 2249 352 2311 ciuitate
373 2247 432 2310 elle
452 2249 607 2315 donatam.
650 2248 743 2322 Quod
765 2249 785 2310 si
810 2249 923 2313 latium
945 2250 997 2322 ess,
1021 2250 1080 2312 illo
1101 2262 1181 2312 tem·

110 2403 114 2417 Ι
223 2351 300 2414 pore
326 2331 476 2395 Heraclea
510 2333 713 2412 municipium
746 2331 805 2394 esse
841 2334 997 2414 nequiuit,
1040 2333 1180 2416 alioquin

226 2413 562 2478 omnesHeracleeofea
582 2416 632 2477 iua
652 2417 789 2478 ciuitatia
798 2416 835 2479 R.
846 2415 1028 2479 habuissent.
1053 2417 1086 2479 P.
1095 2417 1180 2479 Cras·

226 2498 275 2562 fus
298 2510 401 2558 autem
423 2497 483 2560 fuit
503 2498 611 2560 censor
630 2519 702 2560 curo
729 2499 764 2561 L.
784 2499 868 2573 Jusio
892 2499 1017 2562 Caesare
1041 2520 1069 2562 a.
1090 2499 1130 2566 V.
1142 2501 1176 2564 C.

226 2580 314 2647 Varr.
328 2585 398 2657 665.
443 2580 518 2644 Lata
537 2603 611 2661 erpo
633 2581 693 2644 iam
716 2593 783 2644 tum
804 2593 870 2644 erat
891 2581 953 2644 Len
973 2582 1054 2655 Julia
1076 2583 1118 2644 de
1137 2583 1179 2645 ci·

227 2664 323 2727 vitate
342 2687 412 2725 cum
429 2664 519 2727 sociia
531 2676 563 2725 et
580 2664 696 2727 Latinis
711 2665 975 2730 communicanda.
1018 2666 1087 2729 Nec
1103 2667 1179 2728 adeo

226 2747 445 2812 Heracleenseo
465 2768 532 2809 eam
554 2761 620 2810 tum
643 2748 766 2830 quidem
794 2748 876 2810 stram
903 2749 1058 2821 fecerant,
1096 2750 1128 2812 h.
1146 2772 1173 2810 e.

111 2900 113 2905 ,
224 2831 315 2894 fundi
336 2830 415 2913 legia
444 2831 515 2893 fatri
538 2851 601 2892 oon
621 2842 725 2903 erant;
758 2832 862 2913 itaque
882 2832 1037 2915 probabile
1057 2830 1114 2904 fit,
1137 2833 1182 2897 le·

226 2914 353 2996 gionem
371 2915 472 2986 illam,
501 2915 628 2977 ciuitate
649 2912 684 2977 R.
708 2915 870 2986 donatam,
907 2936 944 2977 ex
966 2927 1051 2994 parte
1069 2936 1179 2979 eorum

224 2996 331 3068 fuisse,
360 2999 412 3080 qui
434 2998 593 3060 ciuitatem
622 2997 811 3075 praeferrent
830 2997 985 3060 libertati:
1018 3019 1089 3061 cum
1115 2998 1178 3072 alii,

225 3092 260 3143 vt
272 3081 380 3143 Cicero
402 3093 514 3151 narrat,
535 3082 706 3143 libertatem
722 3080 840 3143 ciuitati
857 3080 1055 3162 praeferrent,
1085 3083 1179 3159 Quod

224 3163 249 3226 st
275 3165 379 3245 itaque
405 3161 553 3227 Heraclea
575 3163 734 3226 ciuitatem
760 3158 797 3226 R.
822 3164 967 3234 adsciuit,
1003 3158 1098 3228 feriua
1119 3168 1180 3229 vti-

225 3266 287 3329 que
308 3249 367 3308 hoc
395 3247 509 3310 sottum
532 3242 591 3309 effe
612 3245 730 3308 necesse
750 3247 810 3325 est3
843 3247 985 3330 caditque
1012 3249 1089 3318 adeo
1111 3260 1178 3312 tota

224 3330 380 3393 Mazochii
401 3322 565 3412 disputatio
586 3330 761 3411 caeteroqui
786 3351 929 3413 perquam
951 3329 1059 3405 dotto,
1084 3333 1180 3414 inpri-

111 3490 114 3495 ν
226 3415 287 3475 mir
308 3423 384 3493 p.88
401 3414 442 3496 sq.
487 3413 533 3477 Ex
552 3414 624 3475 loco
647 3434 719 3474 varo
739 3413 898 3478 ciceronio
917 3435 974 3490 pro
987 3417 1081 3478 Arch.
1105 3437 1134 3479 c.
1147 3438 1177 3495 4.

110 3566 113 3575 .
224 3515 266 3558 ne
286 3496 434 3563 Cicerone
454 3497 577 3576 quidem
599 3495 666 3561 cos.
691 3499 829 3580 adeoque
848 3495 887 3563 V.
904 3498 941 3562 C.
957 3503 1028 3579 691.
1082 3498 1180 3562 Hera·

223 3578 359 3641 cleenfea
384 3580 497 3642 fundos
518 3577 598 3662 legio
614 3578 665 3642 seu
685 3580 785 3653 juliae
803 3579 853 3644 feu
870 3581 986 3645 Plotiae
1002 3580 1102 3646 fastor
1119 3577 1180 3648 effe

224 3663 461 3726 contendimus:
493 3681 563 3727 nam
585 3663 716 3728 Archias
739 3684 779 3726 eo
806 3684 887 3727 anuo
908 3658 1077 3728 Romanam
1101 3668 1180 3729 ciui·

111 3734 114 3742 ’
141 3805 144 3811 ,
223 3756 319 3808 tatem
339 3747 417 3826 petit
437 3740 565 3827 exlege
589 3745 703 3816 Plotia,
737 3749 819 3834 qood
841 3746 1009 3829 adscriptus
1031 3761 1096 3818 erat
1117 3749 1179 3812 He·

222 3829 342 3892 tecleae
362 3841 505 3912 tanquam
525 3829 645 3893 ciuitati
666 3829 855 3898 foederatae.
879 3832 989 3894 mirum
1013 3850 1087 3894 vero
1104 3832 1179 3896 faif-

223 3911 289 3986 set,
329 3913 487 3975 ciuitatem
509 3911 676 3976 Romanam
710 3926 814 3993 petere
836 3913 998 3986 Archiam,
1029 3913 1053 3977 fi
1082 3916 1179 3979 Hera·

223 3995 358 4059 cleenser
379 3998 507 4058 ciuitate
530 3999 665 4060 Romana
684 3996 881 4074 fruebantur,
910 3999 1022 4080 quibua
1051 3998 1104 4060 ille
1132 4013 1178 4061 ta·

224 4098 296 4140 men
318 4092 464 4163 tanquam
485 4081 564 4141 ciuis
595 4096 659 4141 erat
687 4082 864 4159 adscriptus.
917 4083 1007 4156 Quod
1031 4079 1051 4142 fr
1074 4082 1179 4166 itaque

223 4165 293 4227 eod.
313 4163 331 4226 l.
358 4165 459 4242 paullo
479 4163 544 4242 post
567 4158 715 4226 Heraclea
733 4165 963 4246 integerrimum
984 4168 1178 4250 morticinium

221 4246 410 4325 appellatur,
450 4267 564 4309 nomen
588 4249 689 4328 paullo
712 4248 804 4310 latius
830 4249 962 4327 politum
982 4252 1179 4313 mauisellum

221 4325 260 4391 fit
281 4349 336 4410 pro
356 4333 483 4392 ciuitate
504 4331 678 4393 foederata:
708 4333 966 4413 quemadmodum
988 4354 1005 4393 a
1026 4332 1179 4397 Cicerone

219 4431 347 4559 qqqqoe
374 4415 491 4480 sotium
516 4412 711 4478 obseruatum
732 4415 775 4479 est
803 4417 842 4478 de
864 4415 1013 4497 Neapoli,
1042 4418 1079 4491 ad
1100 4417 1175 4482 Dir.

303 4540 311 4572 2
332 4514 385 4574 30·
