2550 4852
147 551 231 643 264
541 530 825 590 Ε

149 719 325 800 Troezen
349 723 390 798 in
420 719 570 800 Dorum
597 721 811 820 potestatem
838 720 904 797 sub
937 718 1217 802 Heraclidamm

146 836 307 912 reditum
341 853 499 914 venerat.
578 834 779 913 Retinue-re
817 836 928 913 iidem
973 837 1165 935 Sybaritae
1198 863 1216 914 a

147 946 365 1026 Troezeniis
401 950 571 1050 Neptuni
605 950 852 1048 religionem,
903 975 1018 1050 quam
1063 949 1218 1037 Paestani
1252 1008 1253 1024 ,

148 1085 303 1163 quoque
328 1065 368 1139 in
393 1068 516 1143 nornis
542 1063 750 1152 seruauere,
777 1063 958 1163 Neptuno
988 1065 1069 1142 fere
1085 1067 1217 1143 triden-

146 1189 224 1253 tem
249 1180 346 1254 iniis
364 1179 543 1255 iaculante
566 1175 742 1278 expresso.
804 1177 895 1271 Quo
918 1195 1092 1276 tempore
1111 1182 1216 1281 Syba-

146 1293 238 1368 ritae
258 1289 488 1387 Pofidonianr
514 1307 619 1368 antea
642 1316 662 1366 a
680 1292 840 1368 barbaris
857 1292 1057 1373 habitatam
1078 1297 1216 1372 munio

146 1406 240 1492 rint,
270 1431 349 1482 non
372 1407 529 1498 constat3
559 1407 648 1482 citra
669 1402 732 1482 Ol.
743 1401 904 1494 LXVII,
918 1433 953 1483 2.
969 1431 1003 1500 32
1038 1407 1125 1485 aC.
1142 1433 1214 1500 510

145 1532 269 1596 tamen
291 1522 489 1620 primordia
519 1522 616 1595 vrbis
643 1519 775 1603 retrahi
793 1537 986 1618 nequeunt
1006 1517 1067 1619 *).
1128 1521 1217 1608 Arti-
1261 1615 1263 1625 K

147 1632 218 1717 bus
244 1658 324 1721 eam
352 1649 388 1711 et
412 1637 546 1733 opibus
567 1630 724 1717 floruiffe
760 1633 947 1709 declarant
968 1634 1067 1732 ipsae
1092 1642 1215 1717 ruinae
1261 1665 1262 1668 ¹

147 1760 185 1830 et
209 1752 322 1831 numi.
391 1746 549 1847 Reliqua
577 1747 623 1823 de
652 1771 692 1824 ea
723 1749 870 1846 ciuitate
896 1751 1022 1846 paucis
1049 1751 1216 1849 persequi

145 1883 224 1936 non
242 1864 385 1960 pigebit
401 1868 452 1953 n).
513 1861 602 1946 Non
627 1862 766 1943 constat
785 1885 861 1961 quo
878 1877 1047 1970 ternpore
1069 1861 1216 1949 Poirdo-

129 1976 206 2058 ‘nia
230 1973 296 2050 sub
320 1971 557 2058 Lucanorum
589 1975 768 2053 ditionem
793 1974 951 2070 refferit3
992 1976 1057 2054 etii
1088 1977 1215 2065 ceffisse

145 2086 229 2168 satis
246 2089 408 2172 constat:
440 2089 570 2173 Strabo
587 2086 652 2166 VI.
683 2115 717 2189 p.
735 2115 823 2185 390.
844 2115 872 2166 1.
932 2090 1121 2187 Nondum
1148 2093 1216 2169 La·

143 2207 219 2277 cnm'
242 2201 332 2287 haec
356 2203 437 2281 ioca
462 2203 665 2283 insederant
686 2218 783 2292 tum,
828 2228 913 2289 cum
944 2202 1079 2288 Graeci
1116 2232 1216 2287 oram

144 2312 337 2402 Tarentini
359 2316 455 2396 finus
473 2329 716 2418 occuparent:
749 2318 797 2394 id.
817 2322 852 2423 p.
869 2333 944 2411 388
966 2315 1007 2400 C.
1068 2319 1214 2406 Verum

145 2429 349 2520 Samnites,
377 2455 462 2508 cum
479 2420 588 2514 nimis
612 2431 716 2513 laetis
738 2431 874 2517 sobolis
892 2435 1134 2534 incrementis
1153 2437 1217 2513 flo-
1270 2508 1271 2512 ,

143 2558 290 2633 rerent,
319 2545 446 2623 misere
463 2548 529 2646 qui
547 2547 592 2625 ab
610 2546 779 2628 orientali
804 2545 909 2628 Silari
927 2547 960 2625 fl.
986 2557 1091 2653 parte
1110 2575 1217 2650 agros

143 2657 342 2739 inliderent
367 2657 472 2754 (ibid.
500 2684 535 2760 p.
552 2673 598 2752 38
607 2685 628 2755 9
651 2652 717 2758 Α.)
747 2656 925 2745 Oenotris
941 2660 998 2737 seu
1020 2659 1216 2746 Chonibus

145 2771 304 2873 expulsss
314 2799 325 2867 ;
341 2774 522 2874 'adeoque
540 2796 609 2848 nec
618 2769 748 2848 Graeci
761 2786 839 2849 tum
858 2776 897 2852 in
913 2775 1086 2861 interiora
1100 2792 1217 2859 terrae

143 2876 1214 2997 versusoccidentaleltaliaeinferiorislittusprocesserunt.

1108 3002 1217 3083 Circa

186 3220 222 3303 *)
244 3223 611 3327 Αυῒε.Ι,.ΟΙγπιρῐε(ζεπξ
634 3228 791 3328 conditam
814 3226 1219 3302 ess'e‚'eontendit·d’Han·

256 3309 811 3473 ‘attii‘iittmtlbtti'ti·
825 3317 979 3478 'itit
998 3312 1219 3464 Τέᾞζῖῧ

254 3475 349 3537 nimis
374 3478 493 3540 incerto
516 3493 548 3542 et
568 3480 699 3543 lubrico.
796 3417 847 3479 'p
983 3417 1082 3480 ,fg

186 3616 291 3697 91)st
315 3621 370 3702 qui
393 3621 495 3685 feciffe
514 3624 613 3688 otiam
628 3625 725 3687 videri
739 3624 900 3697 debebant,
922 3644 1060 3689 errorum
1078 3639 1112 3690 et
1126 3649 1218 3691 eorn-

257 3717 436 3769 mentorum
462 3706 666 3785 plurimorum
694 3708 960 3789 profligandorutn
981 3711 1117 3773 taedium
1142 3712 1217 3775 reii-

203 3800 209 3814 ‘
256 3800 410 3868 querunt,
445 3791 604 3861 editores,
625 3792 768 3874 inquam,
798 3793 850 3866 oui
875 3794 914 3853 de
943 3792 1042 3855 ruinis
1059 3793 1216 3864 Paestanis

218 3944 224 3960 .
255 3891 359 3948 egere,
382 3874 523 3955 inprimie
554 3872 610 3939 Tb.
628 3874 750 3944 Maior.
769 3877 854 3948 etis,
877 3894 969 3954 quern
991 3875 1140 3957 sequutus
1156 3878 1212 3952 est,

255 3954 439 4018 Mrzorbine
469 3960 500 4019 in
525 3961 607 4021 tabb.
631 3959 751 4038 Heracl.
779 3958 949 4022 cornetan.
970 3960 993 4023 1.
1026 3978 1057 4039 p.
1069 3977 1129 4040 507
1147 3960 1214 4044 sqq.

253 4045 321 4099 tum
356 4038 444 4124 Goffr
466 4040 559 4106 Paeti.
577 4042 689 4120 Origg.
707 4052 755 4115 et,
782 4042 836 4123 qni
864 4062 973 4104 omnen
996 4044 1105 4105 multis
1127 4064 1216 4114 pare·

253 4120 354 4195 sanpie
386 4127 568 4185 antecedere
604 4125 699 4186 videri
732 4125 855 4196 vomit,
897 4124 1029 4190 Paullus
1055 4123 1217 4194 Antoniae

252 4204 342 4276 Pooli
372 4205 402 4268 in
433 4205 705 4275 Differrationibns
736 4208 898 4271 Paestanir.
962 4214 1075 4272 Attum
1106 4212 1148 4271 eti
1174 4217 1215 4279 de

247 4289 330 4351 hisce
346 4290 471 4455 §criptis
492 4292 657 4375 diiigenter
686 4290 718 4358 in
751 4291 924 4374 Recerafiiaus
948 4293 1107 4365 litterariis
1135 4295 1214 4359 Got-

247 4377 373 4455 ringor.
