2542 5010
151 299 317 390 receptas
340 285 531 386 adoptatas
557 301 594 364 et
617 288 825 363 immutatas
849 285 916 362 snb
940 287 1108 364 communi
1127 318 1150 347 s·
1250 320 1255 339 ι

152 407 208 499 mi
230 401 407 490 auctoris,
448 413 488 476 vt
504 397 741 489 Charondae,
781 402 934 478 nomine
958 419 1157 478 commemo
1236 450 1257 466 .

153 516 255 595 rent!
313 514 416 594 Hinc
438 529 561 592 tamen
578 506 724 594 easdem
747 513 874 613 legum
901 516 1042 592 tabulas
1061 509 1159 590 autu
1230 537 1246 563 ·

152 630 259 730 gulas
277 629 378 728 leges
395 652 486 708 mox
502 629 764 730 descripserunt
786 626 911 728 passim
938 629 1020 718 alii,
1045 622 1167 703 nonnus
1208 651 1228 684 e

152 745 246 821 adeo
270 746 450 829 carmine,
500 746 604 821 cuius
628 746 682 820 rei
714 742 928 873 exemplum
953 743 1164 841 apudt
1071 732 1167 819 Dion

154 882 239 937 rum
272 855 391 948 (XII,
428 863 506 954 14.)
541 871 659 951 extat;
694 859 862 959 inprimis
886 871 1011 935 autem
1034 853 1167 933 interitu
1174 853 1179 916 ἶ

152 972 384 1066 memorandi
410 971 486 1059 ilii,
529 975 595 1072 qui
623 971 854 1072 populorum
876 985 916 1049 et
945 974 1125 1051 ciuitatum
1144 965 1174 1043 11·
1200 960 1271 1041 ’,Μ’

154 1088 279 1166 storias
299 1087 523 1179 conderent3
553 1088 618 1184 qui
636 1085 931 1188 quidemvearum
951 1085 1053 1185 leges
1074 1081 1188 1162 „inst-,2
1217 1069 1259 1122 Μ

154 1214 235 1280 tuta
253 1201 339 1278 iude
352 1204 407 1276 'ita
426 1197 602 1300 repetiisse
620 1200 774 1300 putandi
793 1199 892 1289 sunt,
923 1215 964 1275 vt
978 1201 1131 1279 consiliis
1143 1196 1189 1272 suit
1232 1188 1271 1229 ‘¹³

154 1331 193 1395 et
222 1316 430 1415 scriptionis
453 1313 599 1414 legibus
630 1313 756 1392 eadem
782 1328 1082 1415 attemperarent,
1116 1315 1195 1391 etim
1242 1307 1270 1344 ''¹'‘

155 1423 334 1506 oratione.
419 1426 565 1506 Horum
601 1429 818 1528 scriptorum
847 1427 1030 1528 aliquem,
1075 1425 1196 1529 quide

156 1541 384 1625 Thuriorum
409 1557 446 1619 et
468 1538 676 1620 Locrorum
702 1544 829 1628 rebus,
864 1540 1048 1644 simulque
1072 1543 1201 1640 delegi·

154 1657 243 1744 bus,
275 1670 415 1752 egerat,
444 1678 535 1754 quas
562 1680 582 1731 a
607 1653 802 1732 Charonda
831 1671 868 1732 et
891 1655 1060 1738 Zaleuco
1083 1657 1204 1757 scriptus

154 1767 385 1859 habuissent,
432 1766 646 1859 Diodorus,
694 1769 806 1863 (nam
847 1771 877 1845 is
919 1770 1120 1847 slmriornm
1146 1772 1206 1866 sego

155 1877 191 1960 se
215 1906 401 1982 apponere
418 1880 632 1984 profitetur)
662 1884 754 1960 alios
780 1886 942 1962 autiores
960 1885 1138 1966 Stoboeus
1161 1907 1207 1960 er·

156 1993 325 2097 scripsisse
349 1998 608 2075 existimandus
638 1998 708 2089 est3
766 2021 888 2097 neque
921 2001 950 2076 is
983 1997 1208 2086 Thuriorurn,

155 2111 216 2203 sed
242 2111 453 2188 *mammae
488 2110 664 2194 Coranum.
706 2101 808 2209 leges
835 2112 1071 2214 praescriptas
1106 2115 1208 2196 habet

156 2223 258 2309 Hinc
275 2228 393 2303 oratio
412 2230 450 2302 in
469 2239 625 2326 utroque
642 2225 780 2301 diuersa
808 2242 845 2304 et
871 2225 1077 2326 discrepans
1100 2229 1213 2332 depre-

154 2340 350 2433 heuditur;
381 2354 507 2416 neutra
526 2354 648 2416 tamen
668 2341 825 2417 omnino
850 2340 955 2440 prisci
972 2340 1149 2420 sermonis
1165 2363 1217 2443 ge·

155 2457 221 2531 nio
240 2455 482 2532 consentanea
499 2456 561 2558 y).
622 2453 693 2536 Fac
709 2456 808 2530 enim
829 2449 1029 2533 satanaeos
1055 2456 1136 2534 vsos
1161 2452 1218 2534 esse
1255 2488 1256 2491 ¹

158 2566 304 2661 Ionica,
325 2570 327 2572 ’
348 2569 512 2648 Thurios
534 2567 653 2648 Attica
683 2570 849 2650 oratione
859 2595 877 2662 3·
910 2592 988 2645 non
1017 2584 1141 2656 tumen
1167 2570 1221 2648 illa

156 2684 203 2763 ad
239 2684 531 2783 philosophicam
565 2682 665 2759 illam
698 2685 878 2760 rationem
913 2685 1116 2783 composta
1148 2686 1223 2774 fuit,

157 2818 253 2897 quae
288 2799 326 2873 in
360 2798 573 2895 fragmentis
602 2797 729 2896 legum
762 2800 931 2876 occurrit.
1012 2796 1124 2897 Apud
1148 2801 1226 2880 Sto·

155 2910 291 2991 baeurn
310 2910 377 2988 alin
399 2913 493 2987 adeo
516 2911 710 2987 diuersitas.
749 2911 924 2991 'Zaleuci
951 2912 1104 3012 quidem
1130 2913 1228 3014 leges

116 3058 118 3061 ·
155 3026 349 3101 communi
370 3023 535 3101 sermone
559 3022 741 3124 expressae
768 3026 867 3115 sunt,
905 3049 983 3127 quo
1001 3029 1032 3102 is
1063 3028 1228 3128 scriptor,

155 3160 271 3238 quem
295 3137 531 3236 sequebatur,
564 3137 644 3214 vius
664 3155 757 3233 ernt3
784 3139 914 3216 eodem
936 3139 1103 3219 sermone
1130 3143 1230 3245 leges

155 3250 394 3345 Charondae3
454 3268 608 3329 atvero
642 3256 827 3355 prooemii
860 3257 1000 3353 priores
1032 3254 1231 3339 sententiae

154 3364 309 3466 dialesio
328 3363 486 3453 Dorica,
528 3390 613 3446 curn
641 3366 812 3468 scriptor,
852 3391 964 3470 quem
995 3371 1232 3450 inmanibus

154 3459 331 3568 habebat,
367 3481 528 3561 diuersus
558 3483 603 3557 ab
628 3481 744 3579 altero
770 3483 857 3570 illo,
889 3483 1015 3559 eadem
1035 3484 1115 3561 vius
1135 3483 1231 3569 esset

155 3567 282 3690 Quem
311 3594 463 3697 quidem
494 3574 707 3704 scriptorem
745 3595 1007 3703 philosophum
1034 3595 1158 3690 fuisse,
1198 3616 1237 3679 et

1149 3717 1234 3820 qui

192 3868 243 3953 y)
267 3865 427 3932 Manifesta
450 3887 499 3930 res
521 3865 575 3941 fit,
606 3867 749 3948 filegem
772 3887 802 3935 v.
821 3888 851 3939 c,
872 3867 912 3955 de
930 3866 1084 3943 columnis
1105 3868 1239 3957 (srvit-

270 3954 483 4036 μαρτυρίας)
475 3972 511 4018 ιιι
532 3967 664 4039 viroque
683 3970 853 4040 comparer.
