2534 4904
163 597 243 670 324
557 593 843 608 Ἣ

161 743 286 821 saltem
302 738 553 817 audioritatem
569 736 842 817 interClericos
852 735 912 819 'ab
934 752 1045 824 omni
1061 748 1141 824 inde
1154 761 1211 820 ten
1241 752 1243 755 ’

161 881 254 959 pore
283 847 452 954 tiguille,
484 877 685 953 earumque
709 878 781 930 vna
807 880 900 934 cum
928 858 1077 939 Codice
1094 877 1127 938 et
1145 859 1212 936 lolli

160 977 252 1047 tutis
284 972 453 1047 notitiam
481 969 800 1068 qualemcunque,
851 969 1105 1071 Digestorum
1129 973 1210 1049 adhoc
1244 1018 1245 1021 a

162 1083 354 1162 obscurata
377 1087 574 1176 memoria,
620 1082 743 1182 palfim
771 1087 940 1182 ingeniis
972 1087 1154 1176 affulfilie‚
1186 1076 1245 1159 n

161 1203 205 1276 iis
228 1197 404 1296 colligere
428 1200 467 1272 in
486 1211 636 1296 promtu
665 1197 733 1285 eli,
751 1221 860 1296 *quae
885 1199 1024 1280 Guido
1043 1202 1171 1282 Grandi
1188 1201 1210 1272 ir

105 1372 108 1382 ,
163 1307 326 1412 Epistola
357 1311 403 1387 de
427 1309 614 1387 Pandedlis
640 1305 802 1388 Florent.
831 1313 998 1412 disputat
1019 1325 1108 1415 gg).
1160 1312 1209 1390 No
1243 1397 1244 1401 Ἴ

164 1425 279 1503 vellas
303 1440 426 1501 autem
450 1429 486 1500 in
506 1420 674 1524 Corpore
695 1427 784 1500 iuris
803 1425 968 1524 glollato
994 1455 1111 1509 nemo
1127 1428 1207 1510 fade

163 1544 231 1641 qui
255 1536 313 1616 his
339 1540 469 1616 litteris
494 1539 658 1614 imbutus
679 1539 748 1628 est,
792 1541 878 1616 alias
903 1544 1103 1643 expediet,
1135 1563 1208 1644 quan
1241 1631 1242 1634 Ἴ

163 1653 403 1732 Anthenticas
446 1676 586 1729 nouem
628 1647 901 1730 collationibus
948 1657 1207 1760 comprehenia

161 1770 201 1848 h.
227 1791 260 1846 e.
296 1766 498 1843 versionem
523 1766 673 1843 latinam
701 1783 883 1859 veterem,
931 1772 981 1848 ad
1007 1776 1159 1850 verbum
1181 1769 1208 1844 l-
1241 1855 1242 1862 ἵ

164 1884 276 1970 dana,
308 1881 495 1957 interdum
512 1881 592 1957 latis
620 1882 788 1969 barbare,
819 1884 857 1958 in
884 1884 972 1961 foro
997 1900 1124 1965 tamen
1145 1906 1208 1961 rect·

162 2009 275 2096 ptam.
307 1991 577 2094 Compledlitur
595 1992 842 2072 illaXCVlIl.
859 1996 1049 2077 Nouellas
1065 1999 1208 2101 glollrin

46 2210 49 2216 .
162 2107 310 2186 structas
326 2109 468 2185 diuerso
483 2109 630 2209 prorsus
648 2110 694 2186 ab
714 2133 771 2199 eo,
790 2133 904 2210 quem
921 2136 1028 2191 nunc
1044 2116 1207 2194 seruanda
1244 2148 1245 2152 κ

163 2223 295 2300 ordine
318 2222 522 2323 dispositas:
553 2246 647 2321 quae
672 2248 730 2299 res
747 2227 865 2300 virum
884 2225 1047 2319 doctill,
1078 2231 1209 2307 Schwar-

162 2340 279 2427 zium,
310 2360 463 2440 quoque
485 2335 626 2421 fefellit,
648 2351 692 2420 vt,
704 2337 870 2415 codicem
892 2343 932 2414 in
950 2339 1056 2420 Nov.
1078 2333 1208 2421 CXXI·

162 2448 318 2528 deficere
345 2465 519 2551 putaret.
579 2447 781 2530 Enimuero
814 2452 1133 2553 insuperioribus
1161 2453 1211 2532 No

159 2564 278 2642 vella:
320 2578 357 2640 vt
383 2565 464 2641 nulli
488 2563 634 2642 iudicum*
655 2567 766 2654 liceat,
805 2590 898 2666 quae
925 2563 1159 2649 CXXXIV.
1175 2566 1210 2649 tl

163 2678 204 2758 de
220 2684 327 2780 sopiit
342 2678 544 2765 attolierilmr,
573 2703 669 2780 quae
691 2704 792 2758 nunc
810 2678 985 2758 CXLIII.
1011 2687 1074 2775 est,
1102 2700 1139 2762 et
1152 2681 1222 2759 aliar

161 2791 435 2897 praecesserant.
494 2792 643 2872 Scilicet
658 2795 780 2872 deficit
798 2795 930 2883 codex,
965 2810 1009 2872 vt
1025 2803 1141 2876 ceteri
1163 2792 1213 2871 vul

164 2911 263 3008 gari,
293 2911 331 2983 in
358 2908 566 2984 authentica
592 2910 630 2986 de
641 2908 786 3013 saniiiffi
805 2911 960 3013 episcopis
975 2924 1009 2986 et
1031 2913 1093 2989 deo
1109 2904 1213 2991 anzahl

163 3022 284 3110 (Nov.
304 3018 510 3114 CXXIII.)
541 3045 636 3123 quae
654 3023 779 3099 vltima
795 3024 845 3099 est
865 3047 988 3101 nonae
1008 3026 1214 3105 collationis:

159 3135 223 3213 sed
253 3136 443 3212 subiicitur
469 3138 508 3211 in
527 3137 664 3213 codice
687 3139 812 3215 nostro
839 3138 1052 3217 authentica
1083 3136 1226 3220 Vino

161 3275 289 3327 cernon
305 3248 469 3351 expellent
485 3246 607 3333 (Not.
622 3248 808 3351 CXXV.)
827 3275 922 3352 quae
936 3252 1046 3353 supra
1068 3258 1135 3335 suo
1151 3256 1216 3331 Ioco

162 3365 358 3441 exciderat.
418 3364 654 3441 Adficiuntur
677 3380 714 3441 et
731 3366 820 3442 aliae
839 3381 911 3442 tres
936 3366 1139 3466 fugitiuae3
1165 3368 1219 3468 pri·

160 3503 227 3555 ano
250 3478 338 3555 loco
362 3478 527 3556 Nouimus
543 3506 584 3555 ex
600 3479 857 3564 denuntiatione,
888 3478 1002 3580 (quae
1022 3483 1126 3564 Nov.
1147 3478 1217 3560 CX.

163 3593 213 3668 est
237 3592 283 3668 de
314 3597 453 3670 nauticis
474 3595 596 3697 rasuris,
641 3616 714 3692 qua
746 3593 846 3674 Nov.
869 3591 966 3671 CVI.
995 3599 1219 3698 abrogatur).

161 3705 234 3782 Sed
259 3706 417 3806 dignum
443 3710 601 3784 omnIno
627 3707 774 3785 videtur
798 3708 872 3786 hoc
895 3707 1147 3790 Nouellarum
1171 3734 1223 3785 vo

162 3819 310 3909 lumen,
359 3823 464 3923 quod
494 3824 698 3899 accuratius
727 3822 941 3912 euoluatur,
991 3848 1106 3925 quam
1138 3845 1225 3903 nunc

161 3937 314 4012 anobis
342 3935 421 4011 fieri
450 3938 578 4036 potest.
649 3931 834 4015 Ordinem
862 3936 1014 4037 quidem
1045 3956 1085 4019 et
1110 3963 1227 4018 nume·

160 4073 242 4128 rum
273 4048 575 4129 Authenticarurn
598 4049 765 4129 videmus
796 4049 865 4130 elle
893 4052 1082 4134 diuersum
1111 4083 1131 4134 a
1158 4054 1228 4132 aul·

1147 4185 1225 4272 gato

16 4454 51 4488 ,
138 4421 140 4423 ’
211 4404 287 4487 gg)
308 4405 399 4470 Adde
418 4405 520 4472 Strui.
547 4408 587 4472 H.
604 4409 628 4474 l.
653 4431 684 4494 p.
699 4414 774 4495 3⁶⁶·
