2520 4950
256 749 339 828 Nec
366 762 486 825 tamen
514 747 584 825 hac
608 746 824 847 calamitate
840 745 1123 856 ita‘peffundati
1153 753 1234 827 via

144 864 222 942 deri
248 865 405 951 debent,
446 864 537 960 quin
571 862 868 960 iterumaliquas
898 869 988 963 opes
1020 886 1218 962 recuperaae

143 981 278 1055 verint:
307 1002 390 1053 nam
409 972 656 1052 cuanruttiis
673 975 768 1051 bella
777 974 912 1074 geffiffe
929 1000 1069 1077 eosque
1083 1002 1202 1077 pugna

143 1090 297 1191 fugasse,
328 1115 374 1166 ex
402 1088 562 1167 Noffidis
590 1088 850 1189 epigrammate
877 1094 1072 1180 nouimus,
1105 1091 1200 1190 quod

144 1204 329 1288 Bentleius
355 1205 549 1283 illustrauit
584 1199 694 1306 (Diff.
711 1208 746 1280 in
762 1202 904 1284 Piraian
931 1229 965 1305 p.
984 1221 1073 1300 198.
1103 1206 1201 1297 br.)

94 1440 96 1445 ⁴
256 1425 417 1504 Grauior
450 1424 598 1503 fortuna
625 1424 669 1498 iis
703 1425 920 1501 imminebat
951 1427 1048 1502 inter
1073 1424 1205 1502 Roma.

143 1565 280 1619 norum
305 1539 502 1617 bellacum
528 1527 794 1613 Tarentiniset
818 1534 988 1616 Lucanis.
1046 1538 1204 1637 Pyrrhus

144 1660 185 1735 in
209 1654 352 1733 Italiam
381 1655 517 1730 accitus
540 1651 600 1730 seu
618 1651 765 1731 foedere
793 1651 854 1730 seu
877 1653 974 1730 viad
997 1653 1206 1730 societatem

141 1771 266 1849 secum
291 1768 490 1846 ineundam
513 1789 576 1847 eus
600 1756 848 1863 compulerat:
892 1766 985 1842 fado
1007 1767 1096 1847 inde
1130 1771 1206 1843 eius

129 1871 183 1962 'in
206 1883 365 1962 Siciliam
390 1877 557 1967 disceffu,
588 1875 718 1966 Locri,
750 1879 925 1977 praefidio
951 1878 1079 1979 Pyrrhi
1104 1906 1206 1981 prae·
1254 1936 1258 1937 f

116 1998 331 2095 dedoque,
377 2016 538 2093 quorum
570 1994 718 2070 iniurias
745 1992 880 2072 diutius
902 1997 1045 2093 perpeti
1075 2001 1206 2096 nequi.

109 2208 111 2210 q
143 2116 249 2193 bant,
278 2109 475 2195 trucidatis,
500 2107 545 2183 ad
569 2108 765 2188 amicitiam
790 2105 1044 2187 Romanorum
1064 2109 1099 2185 se
1116 2133 1204 2186 con.

143 2227 310 2310 tulerunt
324 2224 425 2317 (ante
443 2218 483 2296 C.
496 2221 544 2302 N.
562 2243 651 2315 277.
684 2219 775 2297 V.C.
789 2219 912 2318 477);
941 2245 1018 2320 quo
1037 2238 1203 2325 tempora

141 2339 303 2421 Romani
317 2340 478 2437 primunr
495 2339 533 2410 in
548 2330 708 2415 Bruttios
724 2359 821 2412 anna
838 2348 1049 2415 mouerunt.
1107 2337 1204 2416 Mox

127 2441 229 2530 ¹r're‘ru
248 2446 311 2535 ille
338 2452 455 2539 (anno
472 2444 698 2547 insequenti)
718 2448 873 2528 eSicilia
894 2448 1023 2539 redux,
1042 2453 1204 2541 ciuitate,

141 2567 307 2652 animatis
336 2563 531 2663 praesentia
552 2562 612 2640 sua
638 2566 759 2660 regiae
788 2564 950 2640 iac'iionis
973 2564 1203 2653 hominibus,

123 2673 303 2780 recepta,
333 2677 448 2755 multa
471 2678 510 2751 in
533 2670 733 2754 Locrenles
757 2676 864 2757 foeda
890 2676 1059 2760 facinora
1077 2678 1203 2768 edidit,

140 2795 313 2882 caedibus
338 2807 374 2885 et
393 2792 528 2889 rapinis
554 2792 592 2864 in
612 2788 760 2867 nril'erur
784 2788 982 2889 graffatus3
1039 2791 1127 2869 inde
1158 2792 1204 2873 ad

140 2908 369 3007 sacrilegium
401 2903 598 2985 conuersus
629 2906 760 3000 ingens
784 2907 862 2982 auri
888 2905 1079 3004 pondus‘e
1112 2919 1204 2985 tem.

140 3023 206 3123 plo
228 3019 461 3119 Proserpinae
481 3035 573 3093 terra
588 3013 756 3094 effoffunr
771 3018 933 3108 abstulit,
959 3019 1062 3118 quod
1081 3034 1206 3102 tamen
1234 3054 1237 3067 ·

139 3132 244 3215 claffe
275 3134 488 3238 tempestate·
507 3130 633 3207 affliu‘ia
659 3133 750 3209 mari
780 3133 956 3208 obrutum
972 3134 1048 3226 est;
1106 3135 1204 3216 vnde

141 3245 263 3325 tamen
292 3250 389 3331 aestu
423 3247 530 3327 uraris
562 3243 672 3327 eieda
702 3243 816 3345 spolia
837 3248 884 3321 in
902 3246 1203 3347 templuiterum
1235 3285 1237 3291 s

138 3360 292 3467 repofita
317 3359 401 3436 sunt
426 3352 482 3460 b).

251 3593 335 3683 Post
357 3595 484 3698 Pyrrhi
509 3596 695 3675 disceffunr
716 3595 857 3682 Locros
877 3600 915 3675 in
942 3599 1091 3682 foedere
1117 3625 1204 3680 cunr

141 3709 317 3795 Romanis
344 3709 539 3812 perstitisse,
565 3727 602 3789 et
622 3715 667 3789 ab
690 3713 762 3790 hoc
782 3726 948 3812 tempore
975 3717 1070 3790 inter
1088 3720 1205 3795 ciuita-

140 3814 185 3903 ru
208 3823 463 3904 Romanorum
479 3826 669 3926 foederatas
692 3827 881 3904 habendos
907 3824 975 3902 effe
994 3852 1072 3905 non
1098 3830 1205 3908 dubi-

139 3953 268 4021 tanus.
341 3937 472 4040 Itaque
499 3939 601 4017 bello
625 3938 766 4019 Punico
801 3943 924 4041 priore
956 3938 1205 4022 Hamilcarem

971 4068 973 4070 ’
1099 4056 1204 4136 claffe

183 4240 219 4325 b)
237 4240 284 4306 De
303 4239 353 4303 hia
374 4260 403 4304 v.
428 4238 565 4304 Freinrh.
583 4240 692 4325 suppl.
716 4243 796 4308 Livii
811 4243 965 4319 riuxlv,
981 4263 1020 4323 23
1039 4246 1102 4328 sqq.
1122 4245 1204 4321 inur.

253 4326 374 4406 Appian
409 4324 684 4391 defensamur.
708 4327 775 4392 sscr.
797 4328 830 4392 in
854 4330 902 4395 ed.
923 4328 1105 4414 Schweigh.
1142 4331 1204 4398 To.

253 4409 279 4475 1.
301 4412 391 4493 P·⁶9·
423 4424 474 4489 70.
516 4407 585 4476 Liv.
602 4409 720 4490 XXIX,
747 4422 797 4506 18.
