2572 5094
154 703 236 790 λοῦ
547 671 831 710 m

154 852 250 935 nihil
274 851 507 951 aliudquam
526 851 688 926 nominis
711 848 986 928 finailitudinetn
1009 853 1054 928 in·
1074 849 1210 930 hocse-
1255 785 1271 865 l

155 982 294 1070 quutos
326 964 394 1043 effe
420 977 529 1066 patet
613 963 711 1040 Nam
746 963 982 1066 Melanippo,
1025 967 1212 1066 deperdito
1258 928 1271 1088 ἲ

154 1077 342 1182 Euripidis
358 1078 518 1158 dramate
533 1078 743 1166 nobilitata,
776 1102 822 1153 ex
844 1077 951 1155 Aeoli
974 1103 1114 1178 genere
1137 1079 1213 1167 fuit,
1265 1130 1271 1202 p

156 1194 399 1294 Metapontus
432 1207 554 1269 autent
585 1189 740 1279 Icariae,
800 1215 894 1291 quae
922 1217 969 1268 ex
997 1193 1216 1276 Cvcladibus
1247 1186 1248 1191 ‘

154 1308 271 1388 insula
286 1309 347 1396 est,
372 1308 543 1406 regnauit
562 1298 618 1407 e).
677 1303 735 1382 Ad
764 1306 917 1384 eandem
939 1306 1124 1396 fabulam,
1162 1305 1218 1384 scd

155 1421 367 1526 paullulum
381 1421 573 1511 inflexam,
602 1417 852 1509 referendum,
889 1421 993 1520 quod
1013 1421 1075 1496 alii
1104 1419 1218 1497 Meta·

155 1551 318 1640 pontum
351 1534 493 1634 Sisyphi
522 1532 640 1609 filium
676 1533 866 1610 ediderant
880 1533 951 1635 s);
998 1558 1085 1610 nam
1121 1549 1159 1610 et
1190 1537 1218 1610 is

157 1650 267 1731 Aeoli
297 1649 394 1726 lilius
424 1649 494 1725 suit
509 1672 521 1742 ;
563 1646 735 1725 Aeolicae
766 1664 890 1725 autem
923 1650 1041 1748 stirpis
1078 1648 1219 1725 fabulae

158 1767 243 1844 sunt
258 1787 305 1840 ex
324 1787 371 1841 eo
393 1787 546 1862 genere,
582 1760 686 1861 quod
706 1765 865 1839 maxima
887 1765 1143 1840 narrationum
1169 1764 1219 1839 di·

104 1944 113 1971 ,
157 1877 324 1979 verfitate
343 1881 521 1954 variatum
550 1877 616 1953 eli:
649 1876 953 1975 quandoquidem
977 1876 1222 1978 plurimarum

160 1994 309 2070 urbium
329 1994 496 2088 ,origines
525 1991 570 2065 ab
603 1989 666 2065 illa
699 1991 807 2090 stirpe
836 1990 987 2079 deduci,
1026 2016 1046 2066 a
1076 1995 1220 2090 tragicis

159 2119 281 2184 autern
300 2105 416 2180 multa
434 2104 520 2180 inde
537 2118 750 2203 argumenta
768 2107 882 2203 repeti
899 2105 1076 2181 solebant.
1125 2104 1223 2185 Tan··

159 2221 245 2297 dctn
262 2206 466 2297 Antiochus
488 2218 728 2316 Syracusanus
750 2242 887 2297 nomen
911 2221 1009 2294 vrbis
1027 2223 1227 2319 antiquum-

157 2333 354 2430 Metabum
378 2332 424 2412 ab
449 2332 563 2410 heroe
586 2331 759 2422 Metabo,
797 2334 901 2411 cuius
924 2332 1100 2410 sacellum
1125 2332 1223 2434 apud

1103 2448 1224 2527 Meta·

200 2726 242 2811 e)
261 2746 291 2789 v.
305 2723 391 2807 Hyg.
411 2717 470 2786 sab.
482 2721 552 2811 ¹8.⁶·
574 2739 665 2799 quam
680 2720 886 2795 exundetur
901 2722 1036 2786 dramate
1051 2721 1230 2805 deperdito,

273 2809 364 2872 cuiue
383 2806 556 2886 fragmenta
575 2801 751 2881 supersunt,
775 2805 833 2868 esse
852 2808 979 2888 petitam
996 2807 1155 2888 probabile
1176 2807 1224 2873 fit.

272 2893 323 2958 Ad
341 2893 423 2954 hunc
452 2889 518 2951 sere
545 2890 672 2950 modurn
695 2909 741 2969 ap.
765 2890 907 2964 strabon.
928 2890 985 2957 l.l.
1015 2888 1233 2971 disputauerat,

272 2975 470 3041 Antiochus.
491 2969 694 3050 Xenophania
710 2973 733 3036 s.
750 2972 770 3035 S
796 2975 967 3046 racusanus,
987 2972 1050 3036 auti
1074 2993 1133 3036 uua
1153 2973 1227 3038 scri·

195 3122 198 3136 ,
295 3069 363 3131 tor,
385 3055 438 3139 qui
458 3052 620 3120 Timaeum
643 3074 748 3137 praece
774 3068 854 3125 erat,
875 3067 908 3119 et
928 3075 1028 3119 return
1050 2993 1228 3121 dicularuua

165 3155 168 3164 ⁴
271 3079 427 3244 dissonam
448 3148 659 3244 contexuerat.
702 3135 792 3212 Quae
811 3139 922 3239 Strabo
942 3140 1073 3221 respicit,
1097 3142 1134 3201 ad
1150 3142 1232 3205 eiua

249 3244 456 3373 ‘illisis
473 3242 543 3367 riis*
556 3219 1227 3391 ,lstiultistfftttl‘litts,,list

271 3391 449 3470 Melanippo
475 3400 508 3450 et
526 3389 725 3468 Metapontus
753 3391 790 3453 ad
819 3391 898 3453 hanc
917 3390 1022 3454 italiae
1042 3391 1152 3453 *vrbem
1177 3412 1228 3459 re·

272 3483 402 3537 vocatus
424 3482 507 3534 erat:
527 3491 658 3555 eamque
674 3485 707 3537 vt
721 3473 888 3551 refelleret,
908 3473 972 3539 duo
994 3474 1119 3537 videtur
1138 3495 1228 3538 cotn-

272 3553 469 3620 rnernorass‘e:
506 3555 658 3635 primum,
693 3557 778 3638 quod
808 3557 938 3630 Metabi,
967 3557 1008 3619 de
1035 3576 1098 3639 quo
1120 3557 1227 3638 paullo

273 3638 341 3724 post
361 3640 498 3715 dicetur,
518 3638 678 3715 sacellum,
705 3658 768 3702 nou
790 3653 896 3704 autent
917 3640 1104 3722 Metaponti,
1132 3641 1227 3710 inea

274 3727 349 3789 vrbe
369 3722 446 3793 suit,
470 3735 536 3785 tum
557 3723 641 3804 quod
662 3721 753 3785 ‘Atina
769 3739 858 3785 vetus
879 3735 986 3806 poeta,
1008 3743 1101 3806 quern
1114 3731 1226 3808 Ιγενέσι-

272 3807 376 3880 tortae
395 3804 537 3887 scripfisse
559 3827 598 3868 en
624 3806 765 3869 Pausania
788 3807 935 3870 nouimus
956 3807 1008 3870 lib.
1028 3806 1080 3870 Ν.
1097 3823 1130 3876 2.
1160 3828 1226 3870 non

272 3888 447 3972 Metaponti
463 3889 513 3951 sed
532 3888 582 3952 Dii
601 3909 717 3952 nornen
740 3890 771 3951 in
787 3889 839 3952 illa
868 3890 968 3953 sabula
990 3891 1029 3951 de
1051 3890 1227 3974 Melanippo

272 3973 426 4138 polatinen
469 3973 678 4123 Alppop'p'imua
691 3975 787 4123 ξοδεοὸ
800 3985 836 4120 vg
847 3975 950 4036 locum
958 3974 1123 4119 gtrabonis
1140 3977 1229 4122 udde

272 4077 316 4120 ran
378 4069 457 4120 itum
501 4059 541 4121 i.
603 4076 665 4137 .p.
740 4059 1107 4122 ...excitemun
1191 4078 1228 4122 ro

271 4139 447 4223 Melanippo
461 4140 511 4202 alii
528 4141 631 4205 Arnen
647 4073 824 4214 ndrarunt,
846 4078 1061 4222 Metdpontum
1076 4152 1182 4204 autern
1196 4143 1231 4206 in

272 4223 425 4304 hospitem
441 4223 689 4305 Metapontinutn
704 4235 876 4288 mutauere.
919 4224 1091 4290 notator.
1104 4223 1161 4301 lv,
1173 4230 1229 4308 67·

273 4306 325 4373 vbi
346 4305 387 4369 cs.
410 4305 534 4374 Welsel.
1187 4326 1189 4334 ’

68 4452 70 4457 ’
194 4437 240 4521 f)
260 4438 401 4506 Eustath.
423 4441 461 4504 ad
483 4440 613 4524 Dionys.
639 4431 757 4527 Perieg.
774 4447 847 4522 368.
