2534 4904
118 591 199 666 330
515 587 796 609 “““““““““““““

113 743 258 841 vulgari
297 764 450 842 quoque
494 695 642 825 codice,
702 743 766 840 qui
802 744 841 818 in
882 771 1027 827 manus
1064 752 1184 838 incidit,

112 857 351 1048 ppdrppulrandi,
400 855 585 932 molestiae
621 854 706 955 plus
739 879 850 990 quam
890 861 1041 941 fruetus
1069 866 1186 943 habere

225 1167 270 1248 In
296 1165 464 1269 Corpore
499 1165 592 1243 Iuris
625 1164 781 1267 glossato
817 1193 935 1250 nemo
966 1175 1082 1256 facile
1118 1181 1186 1256 sut»

110 1282 327 1384 scriptiones
347 1302 384 1360 et
409 1282 662 1379 inscriptiones
679 1283 817 1359 additas
837 1287 1037 1384 expediet,
1070 1309 1110 1370 vt
1130 1318 1185 1370 nec

109 1420 287 1476 numeros
312 1414 349 1475 et
368 1397 494 1474 titulos
509 1396 702 1486 librorum,
729 1421 749 1473 e
769 1399 906 1495 quibus
925 1400 1184 1484 Pandettarum

109 1512 554 1605 laciniaewconsarcinatae
579 1511 670 1587 sunt.
731 1508 918 1589 Hadenrrs
949 1519 1052 1597 adeo
1072 1527 1182 1600 necin

111 1624 272 1717 Codice,
298 1650 368 1707 nec
391 1628 430 1701 in
448 1623 642 1713 Nouellis,
672 1627 817 1702 criticus
848 1626 931 1704 rsus
952 1635 1100 1712 codicis
1124 1635 1182 1712 esse

109 1743 230 1843 potest
264 1740 345 1818 satis
376 1762 542 1837 magnus.
630 1733 727 1814 Cum
762 1753 884 1816 tamen
912 1744 954 1818 in
986 1746 1049 1825 his
1075 1753 1182 1827 multa

107 1855 198 1945 smt,
230 1878 323 1955 quae
341 1853 461 1929 adhuc
475 1852 634 1929 studium
652 1866 688 1928 et
704 1877 854 1951 operam
873 1856 1049 1937 virorum
1065 1864 1181 1941 dodo-

109 1994 193 2048 rum
221 1967 442 2053 desiderent,
474 1971 689 2043 eruntsorte
712 1967 934 2066 aliquando,
967 1997 1072 2073 quos
1086 1983 1179 2056 iuuet

105 2085 276 2163 codicem
310 2081 411 2158 hunc
440 2076 656 2158 consuluisse
684 2079 734 2179 q).

88 2396 93 2398 ‚
196 2311 768 2395 Feudalibusconsuetudinibus·
783 2323 1046 2419 comparandis
1067 2329 1177 2404 otium
1229 2400 1230 2403 ,

70 2506 72 2511 ,
107 2432 181 2508 ianr
196 2430 328 2506 sadum
344 2430 489 2506 videtur
511 2430 619 2528 ipsius
637 2432 881 2510 b.Schwarzii
898 2459 1034 2533 opera:
1069 2464 1176 2541 quan·
1228 2457 1230 2485 ¹

107 2546 313 2647 doquidem
341 2569 427 2622 eum
457 2544 502 2619 ad
531 2542 767 2623 Gebauerum
801 2549 966 2625 nostrum
999 2557 1175 2631 variantes

104 2661 279 2753 sessiones
301 2683 348 2735 ex
364 2660 532 2759 pluribus
555 2658 764 2737 Feudorunr
780 2661 971 2739 codicibus
988 2684 1175 2768 excerptas

101 2771 231 2853 misisse
257 2774 397 2852 constat
421 2780 485 2866 r):
531 2776 626 2848 inter
651 2797 742 2873 quas
769 2778 877 2850 etiam
901 2799 947 2851 ex
969 2777 1040 2855 hac
1067 2806 1173 2880 penu,

97 2913 218 2990 ,quam
242 2888 344 2967 domi
369 2887 545 2977 habebat,
571 2887 774 2988 symbolam
806 2885 908 2965 fuisse
941 2891 1174 2993 depromtam

82 2996 268 3081 ¹dubitare
296 3004 360 3078 vix
386 3001 483 3078 licet

215 3227 339 3327 Atque
366 3228 457 3304 haec
487 3228 640 3327 quidem
672 3229 718 3307 de
743 3229 872 3308 codice
905 3231 1000 3310 Iuris
1028 3232 1172 3328 Ciuilis,

100 3334 204 3420 cuius
240 3340 448 3432 addiscendi
486 3343 621 3432 vobis,
672 3342 882 3421 oluuenes
919 3346 1171 3441 florentissimi,

100 3479 212 3556 quam
239 3456 430 3555 expedita,
457 3455 566 3554 plana
582 3472 619 3533 et
637 3459 898 3558 compendiosa
921 3464 979 3536 via
1003 3486 1108 3543 nunc
1135 3471 1173 3542 in

98 3570 168 3650 hac
185 3569 307 3646 nostra
323 3563 533 3670 disciplinae
550 3572 669 3649 ciuilis
688 3571 884 3650 tradendae
900 3576 1043 3653 ratione
1067 3579 1172 3656 aurea

1137 3709 1173 3770 et

139 3964 184 4050 q)
211 3963 421 4028 Enotauimus
454 3964 509 4044 ipsr
540 3966 692 4029 venierunt
730 3966 901 4033 seditionum
937 3988 1104 4035 numerum
1135 3994 1174 4037 ex

209 4045 353 4192 Noueptie
374 4050 512 4133 aliquot,
535 4051 616 4113 vnde
637 4067 778 4133 apparet,
808 4073 920 4137 operae
944 4057 1173 4136 poenitendum

211 4149 274 4193 non
312 4152 374 4194 ore.

37 4357 70 4400 h
137 4293 180 4376 r)
201 4293 245 4359 es.
270 4292 423 4359 Gebrueri
441 4294 563 4359 Narrat.
584 4293 623 4360 de
645 4291 859 4362 Brencmrnrio
880 4313 994 4382 pus.
