710 1313
119 197 158 220 33⁶
316 191 458 206 Ξ

115 239 155 259 lem
166 243 185 259 et
193 240 284 259 rationem
291 240 382 261 tenuerit,
397 240 428 258 vix
436 244 518 264 vnquam
530 245 553 258 eo
566 238 656 259 deur-nire

115 269 195 294 poterit,
220 272 240 287 vt
255 268 287 287 fibi
300 268 394 293 probabili
409 268 480 286 ratione
496 268 558 293 aliqua
571 268 655 287 constare
673 245 675 344 4

115 300 177 322 putet:
198 300 231 316 aut
242 296 321 316 Arcades
334 301 358 315 ex
367 300 407 315 toto
419 296 502 315 humano
517 302 587 321 genere
605 297 655 316 solos

102 325 104 327 ’
115 331 154 345 rem
163 329 205 345 ante
214 331 290 345 omnem
298 325 397 344 hominum
403 325 511 344 memoriam
518 325 589 346 fatiam,
601 332 611 345 a
617 332 655 345 ma-

115 355 186 374 ioribus
196 354 280 373 traditam
289 355 381 379 accipere,
400 357 431 373 aut
440 360 472 373 eos
481 354 561 373 rationes
571 354 653 374 astrono-

115 384 172 403 micas
184 383 215 402 ista
224 383 309 402 omnium
319 388 380 401 retum
389 383 429 401 rudi
442 386 500 401 aetate
512 382 552 401 satis
561 382 652 402 subtiliter

115 412 208 431 instituere
217 410 304 436 potuine,
319 417 339 429 vt
347 410 420 430 Lunam
428 417 467 430 non
476 411 547 436 semper
555 412 575 430 in
584 411 652 431 Terrae

115 440 201 460 satellitio
214 439 266 459 suiss'e
275 439 411 465 suspicarenturi

171 494 243 514 Interea
256 499 316 514 tamen
330 495 393 519 quaeri
405 495 474 520 potest,
489 500 531 515 cum
543 495 651 520 interpreta-

114 524 186 543 tionem
203 523 253 542 illam
269 524 348 542 nimium
366 523 451 543 subtilem
467 529 505 543 non
527 524 649 546 admittamus,

114 557 213 577 quamnam
224 552 277 571 aliam
287 553 378 571 rationem
389 552 497 577 sensumque
505 552 539 572 eise
551 553 649 571 statuamus

112 581 222 600 narrationis
239 581 289 599 illius
303 580 326 599 de
338 580 448 602 Arcadibus:
471 581 516 600 fitne
532 581 649 606 exploratum

112 609 164 631 satis,
177 613 214 628 tarn
228 609 282 628 stulte
293 609 316 628 de
330 609 347 628 se
359 609 465 628 existimaffe
480 610 534 629 illum
550 610 647 634 populum,

112 642 133 657 vt
144 638 235 663 originem
248 638 297 657 suam
314 636 387 657 Lunam
400 638 507 657 anteceffiffe
521 642 606 663 putaret,
626 645 647 657 an

112 667 148 686 alia
155 666 256 691 probabilis
268 667 314 685 ratio
325 666 385 686 afferri
396 666 458 691 ponit,
473 673 508 692 qua
520 667 590 686 ditium
602 667 647 687 illud

112 695 227 720 expediatur.
257 695 284 714 Ad
297 695 358 720 quod,
374 695 386 714 fi
395 696 436 720 quis
449 696 474 714 ita
486 699 571 720 quaerat,
588 696 647 720 primo

112 724 136 743 fic
148 723 309 749 respondebimus.
325 727 344 742 vt
352 729 471 746 moneamus,
487 730 526 743 non
538 727 576 743 tani
590 724 610 743 id
618 725 646 749 :igi
657 725 659 729 ’

112 756 132 771 vt
140 752 202 771 sabula
215 752 247 771 illa
255 752 367 777 explicetur3
387 753 446 777 potest
457 753 517 774 enim,
533 757 553 771 vt
565 756 596 772 tot
606 753 646 772 alia-

112 787 219 800 rumrerum
229 786 252 799 ex
259 781 373 806 antiquitate,
384 787 426 800 vera
434 782 481 800 ratio
490 787 510 800 ac
522 786 576 800 verus
586 781 645 801 sensus

111 811 148 829 iam
156 809 226 829 dudum
241 810 265 828 ita
275 809 383 829 obliteratus
396 809 439 831 else,
459 814 478 829 vt
486 810 549 829 frustra
562 816 615 829 nunc
629 811 646 829 in

111 844 154 857 eum
163 839 276 863 inquiratur;
298 839 361 863 quaeri
375 842 446 857 tantum
461 838 505 860 hoc,
519 842 539 857 vt
550 838 645 862 doceatur,

110 867 186 886 inanem
209 865 244 885 ess'e
261 866 311 885 istam
331 867 511 891 interpretationem,
535 873 593 892 quani
611 868 643 886 viri

110 895 159 914 dodi
173 894 252 914 fundum
265 901 325 914 nouae
341 896 368 914 rei
380 895 458 916 faciunt.
480 901 522 915 cum
537 899 600 915 tamen
614 896 645 915 illa

110 924 163 943 omni
175 924 288 948 antiquitatis
298 927 373 944 naturae
387 927 405 943 et
416 924 473 948 genio
483 928 575 949 repugnet
585 925 646 944 omni-

110 957 147 978 que
155 951 191 971 fide
201 958 221 971 ac
229 952 358 977 probabilitate
366 952 450 971 destituta
458 952 483 972 fit.
513 952 574 972 Potest
583 957 645 972 tamen

109 984 203 1006 praeterea
215 980 289 1003 doceri,
303 982 364 1006 primo
373 981 453 1000 fabulam
461 981 484 1000 de
494 981 594 1001 Arcadibus
603 986 645 1001 ante

109 1009 173 1029 lunam
183 1010 230 1028 natis
239 1013 277 1028 tam
286 1015 352 1035 parum
361 1010 426 1029 diserte
435 1015 453 1029 et
465 1010 552 1035 explicite
559 1010 645 1030 traditam
665 1011 666 1014 ’

108 1037 131 1057 ad
141 1044 176 1057 nos
184 1037 295 1063 peruenisse,
318 1042 338 1057 vt
348 1038 395 1057 nihil
408 1042 448 1058 tuto
461 1038 485 1058 de
497 1044 517 1057 ea
528 1039 646 1063 pronuntiari

108 1066 174 1091 poilit;
192 1066 233 1088 etii,
250 1066 302 1092 quod
313 1067 354 1086 sana
366 1067 493 1092 interpretatio
508 1067 568 1086 facere
584 1068 642 1090 iubet,

108 1095 132 1114 ad
145 1099 228 1114 veterum
236 1095 334 1114 hominum
345 1095 416 1114 sensum
427 1099 445 1114 et
454 1096 557 1115 sermonem
570 1097 644 1121 exigam

108 1123 149 1143 xiim
159 1129 204 1143 vexo
216 1128 253 1143 tam
264 1123 339 1143 diuersis
350 1124 411 1143 modis
423 1125 459 1144 iam
469 1128 548 1147 veteres,
566 1125 599 1150 qui
609 1125 655 1150 istisg

555 1154 653 1187 aetatibusv

671 1212 675 1231 l
