2520 4950
133 844 134 847 ‘
191 870 503 943 nonnunmn
544 867 813 942 oroanrna
854 866 1135 943 nvovscaa

319 1041 670 1096 PRORECTOR
735 1041 1005 1110 QVINTVM

130 1166 476 1284 GEORGlVS
548 1161 752 1272 HENR.
822 1163 1059 1274 AYRER
1131 1166 1197 1274 D.

468 1359 579 1412 CVM
630 1356 851 1412 SENATV

218 1542 219 1545 ‘
249 1511 657 1608 TRICENNALIA
713 1508 1078 1604 ACADEMICA

220 1769 223 1775 ,
267 1707 311 1762 tu
339 1707 375 1766 a.
406 1708 445 1760 n.
472 1705 572 1759 xvn.
600 1703 704 1761 suar.
759 1682 1061 1760 clnlocccxvn.

522 1864 608 1911 ΜΠ
643 1862 800 1909 inoleta.

213 2091 335 2178 Iugum
367 2090 477 2157 Locris
502 2109 524 2153 a
546 2087 682 2155 Zaleuco
703 2089 893 2173 scriptarum
917 2090 1112 2174 fragmenta.

368 2233 703 2311 commentatio
754 2230 972 2330 posterior.

237 2608 261 2687 d
277 2608 525 2694 liberaliorem
543 2608 770 2710 disciplinam
788 2612 1116 2710 munitionemque,
1143 2610 1205 2690 Ci.

271 2748 334 2801 ves
362 2722 607 2812 amantiffimi,
653 2726 820 2823 inprimis
851 2728 1033 2826 pertinere
1057 2726 1204 2803 videtur

137 2850 174 2916 et
191 2835 282 2926 hoc,
309 2851 348 2914 vt
367 2852 509 2919 mature
525 2837 807 2915 adsuefaciamus
830 2841 972 2919 animos
996 2840 1138 2919 nostros
1158 2841 1204 2917 ad

135 2948 277 3052 sensum
294 2951 464 3050 publicae
475 2951 656 3027 felicitatis
674 2975 878 3053 corumque
892 2955 1090 3043 bonorum,
1109 2978 1205 3053 quae

138 3087 185 3143 ex
202 3067 348 3162 egregie
362 3066 522 3143 instituta
539 3064 855 3165 administrataque
868 3091 965 3167 rep,
991 3081 1204 3167 temporum

137 3178 402 3277 tranquillitate
428 3202 470 3256 ac
487 3179 693 3268 securitate,
725 3180 904 3279 cultuque
927 3181 1001 3261 hoo
1024 3184 1125 3257 vitae,
1145 3182 1206 3259 lit-

136 3302 370 3392 terarumque
386 3292 547 3383 lumine,
578 3295 823 3392 proueniunt,
852 3317 931 3399 quo
947 3309 1134 3394 tempora,
1165 3299 1206 3373 in

139 3427 232 3504 quae
265 3419 362 3483 aetas
389 3408 509 3483 nostra
535 3405 684 3496 incidit,
721 3407 956 3487 illustrantur.
1029 3406 1206 3508 Vulgaris

141 3522 241 3602 enim
264 3521 442 3599 institutio
466 3534 503 3595 et
524 3522 617 3598 ratio
645 3524 694 3599 ita
713 3523 752 3598 in
773 3522 965 3620 angustum
988 3524 1206 3602 contrahere

138 3631 232 3712 solet
256 3636 397 3727 animos
425 3647 461 3717 et
483 3633 527 3711 ad
551 3657 630 3713 eam
657 3633 895 3718 confiliorum
917 3638 1207 3735 cogitationum.

140 3767 213 3844 que
229 3746 474 3827 humilitatem
491 3746 714 3846 deprimere,
747 3762 787 3825 vt
810 3748 917 3849 plane
942 3750 1111 3838 nullum,
1141 3749 1207 3830 nili

141 3862 219 3937 eius
238 3861 328 3936 boni
347 3876 383 3936 et
400 3862 608 3950 commodi,
640 3863 744 3963 quod
773 3861 874 3938 adse
899 3863 1035 3946 diretlo
1062 3865 1205 3965 speltet,

138 3971 280 4056 sensum
301 3974 486 4068 habeant3
546 3977 725 4082 quicquid
747 3989 867 4059 autem
891 3977 1041 4081 publice
1064 3982 1209 4066 bonum

709 4142 711 4147 ·
1170 4106 1206 4172 et
