2542 4942
170 563 218 637 16
557 541 843 598 Μ

165 727 244 811 Nili
268 731 439 808 enimin
468 728 578 808 rebus
606 729 736 807 nostris
762 730 920 810 nimium
945 730 1090 832 placere
1120 736 1232 814 nobis

165 847 360 934 volumus,
419 841 700 922 concedendurn
724 844 834 923 idest
858 848 1068 948 antiquitati
1095 863 1133 924 et
1161 850 1231 925 lar-

165 960 363 1062 giendum,
394 960 438 1035 ad
466 983 521 1063 res
547 959 707 1058 agendas
732 973 769 1036 et
793 959 888 1036 bene
910 961 1090 1060 gerendas
1117 966 1232 1039 vitam

164 1074 354 1177 publicam
374 1075 627 1173 priuatamque
646 1072 778 1150 melius
800 1075 898 1172 apud
915 1074 1027 1175 ipsam
1052 1073 1156 1153 fuisse
1174 1081 1231 1152 in-

84 1218 87 1235 *
165 1193 343 1272 stitutam‚
374 1186 565 1263 saniliores
588 1210 732 1276 mores,
771 1187 963 1266 resliorem
987 1189 1228 1290 disciplinam,

165 1306 203 1382 in
218 1303 291 1380 illis
309 1305 519 1382 ciuitatibus
535 1298 707 1400 viguisse3
733 1324 824 1392 non,
850 1299 949 1401 quasr
969 1326 1016 1380 ex
1036 1307 1080 1380 iis
1099 1327 1244 1387 omnes

165 1416 395 1518 corruptelae
409 1416 661 1510 exulaberint3
693 1438 819 1492 verum
841 1416 992 1495 salubris
1011 1417 1133 1519 aliqua
1151 1420 1231 1494 sen-

164 1532 299 1622 tiendi,
329 1530 500 1619 uiuendi,
531 1552 662 1629 resque
678 1531 830 1628 gerendi
846 1535 938 1610 ratio
959 1552 1006 1608 etr
1022 1535 1096 1631 ipsa
1113 1535 1232 1609 nutris

165 1652 266 1726 tione
297 1648 464 1745 vitaeque
484 1644 664 1743 exemplis
678 1663 847 1743 accepta,
879 1647 1132 1746 multomagis
1149 1662 1232 1726 tunt

165 1785 230 1867 per
249 1757 383 1858 vulgus
404 1772 481 1835 erat
501 1757 613 1857 sparsa
622 1781 639 1852 3,
669 1757 919 1856 generosiores
940 1759 1081 1850 sensus,
1112 1761 1232 1838 studia

165 1893 203 1955 et
224 1873 372 1954 consilia
395 1872 544 1950 honesta
560 1875 655 1948 inter
674 1872 798 1972 plures
819 1876 1114 1975 reperiebantur3
1158 1899 1230 1951 nec

165 2012 235 2093 pro
262 2012 338 2067 vno
376 1990 458 2065 ciue
486 1984 614 2085 paullo
647 1986 834 2064 liberalius
877 1989 1042 2065 instituto
1075 1989 1229 2069 ducenti

165 2117 269 2183 erant
294 2101 531 2190 numerandi,
571 2102 656 2201 qui,
688 2103 751 2176 vix
769 2101 851 2200 ipsis
874 2101 1109 2179 humanitatis
1128 2105 1228 2179 rudi·

163 2220 297 2296 mentis
325 2215 487 2302 exculti,
530 2227 568 2291 et
601 2216 765 2313 egestatis
794 2214 960 2293 sordibus
992 2215 1119 2306 obliti,
1165 2232 1229 2294 aut

163 2335 310 2434 stupore
326 2325 439 2407 essent
453 2326 564 2407 delixi
587 2344 742 2405 autnon
761 2329 827 2405 nist
841 2329 1045 2407 humilibus
1061 2345 1098 2407 et
1114 2329 1229 2408 sordi-

164 2447 220 2524 dis
238 2448 334 2524 curis
351 2440 516 2545 oppressi.
590 2439 774 2521 Nondum
796 2445 975 2521 inuaserat
998 2448 1110 2522 vitam
1130 2445 1230 2521 mul·

164 2560 283 2662 tiplex
301 2556 375 2636 hoc
399 2553 692 2658 corruptelarum
716 2581 858 2656 genus;
898 2582 970 2635 nec
985 2558 1093 2635 stada
1123 2573 1230 2637 erant

165 2697 322 2776 corpora
349 2675 535 2771 animique
563 2668 632 2755 bac
651 2670 804 2760 desidia,
833 2669 903 2750 hac
921 2672 1100 2764 mollitie,
1130 2694 1229 2773 quae

164 2791 348 2868 malorum
372 2786 575 2865 colluuiem
592 2787 632 2861 in
651 2809 720 2862 nos
743 2787 946 2876 deriuauit,
976 2787 1022 2863 ad
1038 2809 1078 2864 ea
1102 2801 1228 2865 autem

163 2900 380 3006 perferenda
404 2900 660 2977 fortitudinem
681 2923 723 2977 ac
745 2902 860 2977 robur
883 2896 1029 2977 ademit
1097 2893 1143 2979 In
1164 2900 1231 2979 illa

163 3023 258 3096 vitae
294 3016 502 3104 seueritate,
552 3036 825 3114 nonnunquam
861 3018 970 3091 etiam
1010 3010 1226 3105 austeritate,

163 3132 392 3232 simplicitate
416 3152 458 3205 ac
476 3128 695 3227 frugalitate,
721 3140 759 3204 et
773 3128 883 3206 rebus
899 3128 1051 3227 agendis
1068 3144 1106 3205 et
1121 3130 1227 3205 malis

163 3244 437 3345 serendisparia
459 3241 667 3342 idoneaque
693 3256 798 3318 erant
818 3264 984 3342 corpora.
1043 3242 1229 3321 Nondum

163 3357 370 3437 umbratilia
398 3354 513 3433 studia
543 3370 579 3431 et
606 3355 809 3433 otiosorum
836 3355 1034 3436 hominum
1063 3360 1227 3456 argutiae

162 3477 301 3551 ciuium
317 3471 402 3549 inse
418 3470 722 3547 existimationem
739 3486 776 3546 et
784 3468 944 3570 gloriam
958 3458 1233 3561 deriuauerant,

163 3611 285 3688 neque
306 3586 437 3662 animis
460 3608 503 3660 ea
518 3580 834 3675 laborandum,
865 3608 960 3685 quae
979 3585 1154 3684 deinceps
1178 3607 1226 3662 ex

161 3698 358 3778 monastica
379 3697 567 3797 disciplina
597 3699 802 3777 multorum
837 3702 1024 3776 mentibus
1054 3698 1225 3785 adhaesit,

161 3811 261 3917 polle
278 3815 437 3914 aliquam
453 3809 522 3890 else
539 3813 687 3890 laudern
704 3813 859 3904 virtutis,
888 3836 984 3913 quae
998 3812 1111 3900 nullis
1126 3813 1226 3890 fatris
1270 3855 1271 3858 κ

162 3929 366 4008 declaretur
395 3950 518 4028 neque
549 3927 664 4004 ullum
695 3929 741 4003 ad
758 3927 866 4003 salios
890 3927 1023 4006 habeat
1052 3926 1222 4004 srullum.

163 4043 227 4135 Qu
248 4047 270 4120 ‘e
289 4043 414 4119 omnia
438 4044 554 4130 bona,
584 4044 720 4142 quibus
747 4041 1013 4141 cognoscendis
1034 4041 1091 4118 vel
1115 4042 1224 4118 vuius

160 4152 230 4234 Plu
249 4155 348 4232 archi
372 4156 479 4233 lectio
496 4152 644 4244 sufficit,
672 4178 720 4232 ex
735 4155 805 4232 suis
823 4155 969 4255 legibus
989 4167 1026 4232 et
1040 4152 1225 4245 institutis,

161 4263 423 4372 disciplinaque
445 4270 595 4370 publiea
618 4272 856 4371 priuataque,
890 4273 936 4347 iis
963 4267 1109 4374 legibus
1136 4292 1228 4347 con·

276 4392 279 4397 “
1091 4382 1227 4473 stituta.
