2542 5146
281 796 414 877 Sedet
431 795 592 898 iis-ipsis,
636 817 730 904 quae
755 798 929 878 dolorem
957 804 1167 880 continent
1187 800 1232 878 rel

167 914 348 1000 maxime,
371 909 481 992 inelle
497 911 661 989 videmus
682 915 814 1012 partim
839 912 997 1004 cauffas,
1030 939 1107 994 cur
1139 915 1232 995 dolo

119 1034 121 1037 ’
167 1051 247 1105 rem
260 1025 507 1134 inhibeamus,
540 1027 672 1125 partim
685 1024 800 1103 solatii
817 1025 964 1106 semina
1025 1025 1096 1106 De
1112 1046 1228 1131 erepto
1260 1123 1264 1137 ³

166 1153 288 1216 tantae
304 1140 547 1240 prosperitatis
569 1137 687 1215 frutiu
713 1138 802 1240 quid
824 1139 1005 1219 habemus
1021 1143 1137 1243 quod
1155 1167 1227 1222 cun
1260 1164 1266 1197 ‘⁴

165 1253 316 1331 fortuna
343 1276 556 1352 queramur,
601 1263 641 1327 vt
671 1274 749 1329 non
773 1256 898 1352 potius
928 1254 1028 1332 vltra
1058 1270 1225 1334 votorum

164 1364 422 1445 verecundiam
455 1362 660 1443 concellum
685 1364 761 1442 eius
791 1365 893 1444 vium
929 1367 1044 1445 nobis
1071 1370 1223 1470 gracule·

165 1479 273 1558 mur?
308 1477 437 1574 Quid?
468 1477 571 1578 quod
598 1501 617 1552 a
642 1475 714 1555 deo
740 1502 818 1556 non
847 1480 897 1557 est
921 1495 1129 1574 euocatus,
1169 1481 1221 1560 nil

165 1597 297 1672 curatis
310 1606 355 1669 et
368 1593 516 1693 peractis
534 1591 578 1666 iis
598 1591 791 1679 omnibus,
816 1595 951 1692 quibus
965 1593 1065 1672 salus
1080 1596 1221 1696 publica

164 1706 319 1795 firmari,
363 1704 483 1785 nostra
510 1717 634 1783 autem
664 1702 857 1784 Academia
883 1709 1008 1786 ornari
1031 1732 1077 1788 ac
1100 1708 1219 1813 perfici
1258 1750 1267 1771 ·-

161 1820 306 1923 potuit!
473 1846 476 1851 ’
847 1853 850 1859 ·

275 2035 442 2137 Contigit
464 2038 564 2115 enim
585 2049 624 2115 et
637 2036 746 2115 nobis
763 2048 799 2114 et
816 2034 1087 2117 Mrucrruvsro
1103 2038 1220 2141 fingu-
1259 2035 1261 2143 j

159 2155 245 2234 laris
264 2157 354 2230 haec
373 2154 544 2239 felicitas,
576 2164 634 2241 vt,
664 2164 747 2228 ante
765 2147 950 2228 dilcellum
977 2153 1113 2232 exhac
1139 2157 1217 2243 vita,

158 2268 318 2348 mirabili
343 2278 380 2344 et
403 2265 584 2367 praeclara
607 2265 728 2366 aliqua
752 2267 913 2342 numinis
945 2265 1216 2357 beneuolentia.

161 2384 288 2461 omnia
317 2385 357 2458 in
390 2405 476 2458 eurn
518 2377 644 2457 locum
677 2378 967 2468 deducerentur,
1018 2402 1101 2481 quo
1134 2404 1215 2460 cura
1263 2447 1269 2467 .

158 2494 266 2587 Eius,
300 2497 380 2590 [cui
418 2517 538 2572 rerum
572 2493 773 2569 nostrarum
805 2492 970 2569 conditio
1008 2516 1052 2573 ac
1088 2511 1214 2573 natura

156 2615 304 2713 penitus
322 2607 408 2687 ellet
423 2620 533 2696 nota,
560 2604 720 2704 lingula,
755 2628 850 2706 quae
869 2628 964 2705 opus
990 2618 1086 2697 erat,
1120 2612 1215 2686 ordi.

86 2748 91 2754 ’
158 2729 256 2814 nari,
304 2723 494 2809 constitui,
537 2719 709 2796 inchoata
743 2717 901 2808 absolui,
950 2717 1137 2819 delignata
1169 2722 1212 2800 ad

147 2842 298 2918 'exitum
317 2832 469 2936 perduci
484 2830 636 2934 possent
694 2829 778 2910 Visa
802 2835 900 2908 enim
924 2832 974 2909 est
996 2834 1213 2914 immortalis

154 2950 238 3031 Viri
254 2973 358 3028 mens
375 2971 440 3048 per
460 2959 581 3023 totum
600 2946 719 3035 hunc,
757 2947 824 3047 qui
840 2944 988 3024 ultimus
1009 2949 1108 3025 vitae
1132 2949 1211 3039 fuit,

155 3089 313 3154 annum,
341 3076 517 3160 tanquam
538 3060 723 3160 praesagio
744 3059 870 3158 aliquo
901 3073 938 3136 et
960 3060 1212 3158 praesensione

153 3182 320 3263 incitata,
347 3175 461 3253 anniti
481 3188 519 3251 et
542 3173 760 3263 allaborare,
785 3187 825 3248 vt
841 3174 1010 3276 expedita
1026 3188 1064 3250 et
1086 3177 1213 3276 proffi.

153 3308 236 3392 gata
251 3289 362 3369 allent
385 3291 533 3387 negotia
560 3289 694 3365 omnia
768 3282 869 3365 Haec
895 3285 1021 3363 eadem
1053 3290 1212 3367 incredi-

150 3405 236 3485 bilis
260 3403 514 3505 prouidentiae
531 3400 675 3478 diuinae
695 3398 922 3500 indulgentia
938 3401 1046 3498 erigit
1067 3405 1221 3481 animos‘

149 3521 294 3598 nostros
318 3516 365 3593 ad
396 3515 587 3593 meliorem
607 3514 706 3615 spem
731 3517 839 3591 etiarn
864 3512 910 3590 de
944 3511 1068 3591 futura
1089 3519 1210 3595 nostra

148 3632 263 3720 forte,
293 3633 399 3708 cuius
426 3644 599 3729 tanquam
614 3630 749 3729 pignus
776 3625 1007 3704 certillrmum
1029 3627 1208 3710 habemus

148 3746 335 3823 fortunam
375 3743 611 3843 praeteritam.
695 3737 813 3821 Etiam
856 3753 1006 3818 aeterno
1049 3741 1206 3822 Numini

148 3855 502 3940 Mvucmavsrruart
533 3856 748 3932 memoriam
777 3852 882 3931 cordi
906 3875 1087 3955 curaeque
1120 3855 1217 3931 fore·

148 3990 197 4059 ne
216 3971 450 4054 dubitemus.
516 3965 688 4046 Fidillrmi
713 3965 912 4046 voluntatis
936 3967 1020 4046 suae
1052 3968 1203 4045 minillri

145 4084 402 4163 recordatione
422 4080 515 4159 illud
530 4105 588 4157 res
610 4081 763 4169 nostras,
802 4078 1035 4181 prouidentia
1055 4080 1115 4159 sua
1137 4106 1207 4184 per

145 4222 234 4276 eum
258 4199 471 4297 constitutas*
496 4207 534 4270 et
563 4194 750 4289 fundatae,
776 4193 998 4291 fortunabit3
1028 4196 1146 4276 modo
1162 4201 1207 4276 iir

147 4311 214 4416 ipfi
243 4335 322 4391 non
351 4310 590 4418 defuerimus.
714 4399 719 4415 ἱ
900 4312 903 4316 ‘

589 4428 596 4448 “
1084 4419 1206 4505 Etiam
