2520 4950
170 708 218 779 32
576 715 580 725 '
732 621 740 649 μ’
898 629 903 636 ·

164 852 272 929 latam
298 842 365 927 elle
389 844 621 949 apparuisset,
664 849 849 924 emendari
887 843 1062 949 potuisse,
1102 852 1228 952 paullo

163 969 268 1065 l'upra
296 965 454 1062 politum
481 966 518 1037 in
544 963 600 1038 his
621 962 703 1061 ipfis
726 962 871 1061 legibus
898 965 1065 1043 vidimus.
1135 968 1226 1060 Quo

163 1080 241 1178 ipso
272 1077 511 1176 intelligitur,
552 1075 673 1175 legem
696 1076 797 1152 illam
826 1091 966 1154 tantum
991 1082 1037 1155 ad
1063 1081 1226 1180 priuatos

161 1184 345 1291 spetiano,
378 1207 415 1264 vt
431 1211 560 1266 eorum
583 1194 740 1289 impetus
756 1195 1031 1290 reprimeretur,
1063 1218 1110 1269 ne
1128 1194 1227 1270 labe·

161 1305 333 1382 satiarent
348 1304 448 1402 leges
460 1307 609 1403 patrias:
642 1319 678 1378 at
695 1305 939 1402 magistratum
955 1306 1119 1404 legitime
1137 1332 1227 1383 con-

160 1422 326 1496 stitutum
358 1419 404 1494 de
431 1418 575 1516 legibus
601 1418 694 1494 serre
718 1412 881 1517 potuisse.
942 1417 1054 1495 Addit
1080 1419 1231 1498 Demo'

160 1533 302 1610 sthenes
327 1535 537 1619 narrationi,
567 1555 631 1630 per
656 1532 739 1630 plus
766 1557 879 1632 quam
904 1526 969 1609 CC
994 1559 1112 1612 annos
1145 1561 1224 1611 non

161 1646 227 1724 nisr
243 1647 352 1724 semel
370 1670 477 1721 viram
492 1645 613 1745 legem
630 1645 675 1722 de
690 1646 836 1723 talionis
849 1650 927 1722 iure
947 1645 1014 1724 elle
1031 1662 1223 1729 mutatam.

272 1863 480 1964 Progressus
503 1864 588 1941 inde
601 1864 789 1959 Zaleucus
815 1865 860 1942 ad
880 1867 1021 1966 reliqua
1036 1863 1225 1964 sigillatim

159 1995 197 2058 et
220 2003 285 2080 per
315 1994 434 2079 partes
467 1979 738 2064 constituenda,
785 1979 982 2079 superea,
1020 2004 1111 2073 quae
1144 1981 1222 2055 sere

158 2095 254 2171 hisce
279 2097 318 2169 in
342 2095 450 2168 rebus
482 2093 586 2168 scribi
617 2092 959 2191 alegunalatoribus
987 2093 1127 2181 solent,
1178 2122 1222 2170 ex

150 2213 287 2308 proprii
305 2211 423 2302 ingenii
449 2212 592 2282 ararnine
616 2206 719 2282 irretita
737 2210 902 2311 sapienter
924 2221 954 2283 et
975 2211 1099 2304 egregie
1131 2214 1221 2284 inae·

155 2320 231 2424 ruffi
257 2334 287 2399 et
301 2317 442 2425 sarrriffe
467 2336 689 2396 memoratur
714 2329 764 2413 a).
830 2313 1002 2420 Inprimis
1024 2335 1149 2398 autem
1173 2321 1220 2398 ad

156 2439 290 2514 bonam
302 2437 499 2537 serriinanon
517 2437 716 2540 antiniana
733 2437 912 2512 nonnulla
928 2437 1112 2534 praeclare
1130 2459 1221 2514 con·

153 2548 299 2628 stituilse
328 2550 480 2626 videtur.
560 2549 639 2624 Gran
671 2554 752 2624 enirn
782 2551 840 2626 alii
875 2550 1117 2645 legrrnrialarer,
1163 2555 1219 2649 qai

154 2664 323 2742 nrnliernm
344 2664 469 2762 parciori
491 2665 677 2766 prospicere
693 2663 825 2749 rassern,
864 2666 1030 2741 lrrxuriam
1053 2693 1165 2740 earam
1188 2677 1219 2740 et

52 2870 62 2886 ὁ
154 2783 404 2879 impudicitiam,
441 2802 522 2876 qnare
543 2777 720 2887 rrnrltarrnn
747 2779 968 2854 solitariorum
985 2779 1116 2878 pribiire
1138 2782 1217 2878 pri·

58 2934 60 2936 ·
153 2900 315 2994 uariatque
334 2884 440 2993 rarrffa
455 2897 507 2993 est.
534 2891 693 2987 grauibus
712 2891 835 2969 erirrlliir
846 2893 1039 2992 pecuniariis
1058 2897 1216 2989 irrogatis

151 3015 321 3113 reprimere
340 3011 376 3110 se
387 3003 475 3109 unffi
495 3017 666 3104 ornarent,
696 3008 762 3110 insi
775 3010 937 3112 iirgenioso
959 3035 1082 3105 poeitae
1102 3032 1216 3104 genere

150 3127 411 3200 incontinentiam
436 3148 546 3196 earnm
563 3124 720 3195 eorninnr't
734 3126 784 3212 a).
844 3119 898 3199 Ita
914 3125 1014 3198 enim
1028 3121 1184 3222 scripsit:

264 3278 437 3354 Mulierem
459 3278 649 3371 ingranam,
680 3277 738 3379 nist
756 3298 837 3374 qirae
859 3275 947 3351 ebria
958 3280 1021 3379 fit,
1045 3275 1125 3376 plus
1147 3305 1215 3356 aaa

148 3391 268 3467 nantilla
286 3420 323 3467 ae
338 3395 522 3468 inirritator.
591 3389 708 3465 Extra
729 3388 948 3466 arbiminin
966 3390 1080 3489 perient
1109 3420 1147 3466 ne
1167 3393 1214 3494 as·

141 3509 254 3607 serlo,
285 3508 343 3609 nist
367 3504 515 3581 aasaitera
530 3504 566 3606 se
576 3508 796 3603 prostitutam
817 3512 872 3604 p).
932 3506 1065 3581 Annon
1084 3512 1212 3606 rrejlern·

147 3647 206 3721 qne
226 3621 320 3697 eleana
329 3623 399 3723 fine
425 3646 524 3694 anno
536 3621 605 3722 fine
618 3645 788 3718 piraniana
814 3617 993 3721 inritantia
1011 3648 1048 3695 ne
1059 3626 1210 3720 gissatoe

1057 3740 1213 3813 errerelrin‘

185 3947 223 4020 n)
244 3960 292 4023 ap.
318 3938 445 4005 Diodor.
467 3940 537 4016 ΧΠ,
554 3960 605 4007 21.

185 4056 222 4129 a)
243 4051 371 4114 Diodori
395 4051 484 4112 verba
505 4049 574 4113 lunt
597 4050 614 4112 Ι.
625 4049 647 4115 l.
683 4047 733 4113 ubl
754 4068 784 4114 a.
801 4044 982 4136 wesseling.

181 4159 223 4239 p)
244 4157 315 4223 Non
340 4154 506 4218 absimilem
530 4157 681 4219 rationem
696 4169 894 4220 commentus
915 4171 982 4222 erat
1007 4156 1121 4233 Solon,
1153 4159 1210 4243 qni

255 4239 369 4320 etipse
393 4240 557 4301 milliarum
583 4240 707 4321 ingenia
729 4240 887 4322 disciplina
910 4244 1074 4308 domestica
1095 4266 1131 4307 aa
1151 4265 1210 4324 pu·

256 4324 332 4386 blica
356 4319 548 4404 eompescere
566 4325 722 4388 voluerat.
744 4343 782 4402 ap
815 4324 965 4390 Plutarch.
989 4349 1018 4407 ρ.
1031 4346 1082 4409 90.
1102 4331 1134 4391 Β.
1159 4327 1210 4392 De

253 4402 335 4470 etoile
361 4408 419 4467 ilar
447 4425 482 4468 ne
505 4400 620 4486 facito,
661 4405 714 4490 nifi
743 4424 838 4472 cnrrn
864 4404 948 4476 aeda
976 4409 1019 4477 ud
1045 4415 1206 4483 lanernarn,

254 4492 370 4569 λύχνου
389 4496 617 4570 προφαίνοντος.
