710 1313
37 12 674 148 u-

271 209 415 223 a
574 219 611 238 391

37 276 43 279 „
75 255 161 275 omniurn
170 251 236 274 *earum
244 260 316 276 rerum,
329 260 408 280 quarum
421 254 482 274 sensus
493 254 516 274 ad
528 255 612 275 animum

75 284 100 303 est
113 283 206 303 iucundus
217 288 306 308 grataque
317 284 414 308 reputatio.
445 283 492 303 Sunt
506 284 526 302 in
537 283 566 302 his
582 284 611 303 in-

74 318 160 335 numera.
184 317 266 337 quorum
275 313 306 331 vix
317 313 450 336 cogitationem
463 312 544 337 aliquam
551 312 611 337 vulgo

73 340 159 360 homines
179 340 275 359 admittere
291 340 359 360 solent:
385 341 443 365 inque
459 341 481 360 iis
497 340 610 366 plerumque

71 368 184 394 grauissima:
205 369 258 394 quod
268 368 306 388 hoc
319 368 372 395 Rege
384 375 404 388 ac
415 368 510 394 Principe.
529 368 610 394 Optimo

71 398 106 417 illo
120 401 138 416 et
150 397 321 422 Indulgentillimo‚
337 397 374 416 hoc
383 397 451 416 Senatu
461 397 560 420 Sanssiore,
575 398 609 417 hac

72 427 99 445 rel
111 426 196 451 publicae
207 426 296 449 formula.
318 425 347 445 his
359 426 454 448 institutis,
469 426 553 451 legibus,
573 426 609 446 hac

71 455 165 477 libertate,
182 455 217 474 hac
225 454 319 474 securitate
328 455 406 477 vtimur,
424 454 499 479 publice
512 455 609 480 priuatim-

72 489 109 509 que
122 483 145 502 ab
156 480 222 502 iniuria
234 484 270 503 tuti
282 483 334 508 quod
347 484 437 506 viuimus,
458 487 477 502 et
492 484 531 502 iure
546 489 607 508 aequo

70 513 140 531 vtimur
153 513 242 537 quisque;
260 512 312 537 quod
323 518 343 531 m
351 515 401 531 tanta
413 518 475 531 rerum
486 512 575 531 sacrarum
588 516 607 531 et

70 541 167 566 sapientiae
175 541 206 560 seu
216 540 306 560 reuelatae
317 546 338 559 ac
346 540 421 559 diuinae
428 540 458 560 seu
464 540 555 560 humanae
564 540 607 560 luce

70 569 172 592 versamur3
194 569 246 594 quod
261 573 290 588 tot
302 575 323 589 ac
334 573 383 588 taum
396 569 485 588 habemus
498 569 575 588 subsidia
588 573 607 588 et

69 598 175 617 adiumenta
187 597 327 622 cognoscendae
338 601 424 620 naturae,
438 598 516 617 acuendi
527 601 546 617 et
552 598 605 617 omni

68 626 161 646 doflrinae
169 630 188 646 et
197 627 311 651 cognitionis
318 632 386 651 genere
393 625 520 651 locupletandi
528 627 605 651 ingenii,

67 655 237 680 fingendorumque
246 655 350 674 animorum
359 654 381 674 ad
391 661 447 674 ornne
456 655 529 674 virtutis
538 659 557 674 et
564 654 606 674 offi-

68 685 91 703 cii
102 690 167 709 genus.
198 683 253 707 Quae
266 683 337 703 summa
348 683 408 702 diuini
418 684 500 702 numinis
509 683 603 706 beneficia,

68 716 159 737 quantum
172 713 203 731 vix
217 713 236 731 in
246 712 283 731 vlla
296 712 330 731 alia
343 715 431 731 terrarum
445 715 505 736 parte,
520 712 604 737 inprimis

67 741 87 760 in
95 740 193 760 Academia
201 740 236 760 hac
244 740 325 765 Georgia
335 740 415 765 Augusta
423 740 476 759 vobis
484 741 603 765 contingunt,

68 768 212 789 Commilitones
220 784 225 792 ‚
246 775 304 794 eaque
316 769 353 794 ipsa
366 770 385 788 in
398 769 465 788 almam
476 768 525 788 hanc
533 769 603 788 littera-

68 804 110 818 rum
127 797 233 820 Parentem,
258 797 343 817 blandam
362 798 481 822 ingeniorum
497 797 601 820 Nutricem,

66 832 139 846 amores
152 826 205 846 vobis
221 826 307 845 instillare
324 826 394 845 debent
405 826 459 845 nullo
470 829 554 851 tempore
571 831 604 845 ex-

65 855 192 880 stinguendos.
221 854 272 874 Nam
282 855 329 874 illud
341 854 469 880 indulgentiae
478 854 551 874 diuinae
563 854 604 880 spe-

66 885 127 903 cimen
138 884 170 903 vix
180 884 279 909 quisquam
290 884 373 903 nostrum
382 884 416 906 est,
431 884 477 908 quin
486 883 556 908 saepius
565 884 606 903 iam,

65 914 128 932 animo
136 913 232 937 agitauerit
244 916 263 931 et
271 916 321 937 grata
331 913 398 937 pietate
407 912 529 937 reputauerit‚
542 912 600 936 quod,

65 947 109 960 cum
127 941 219 960 bellorum
235 940 327 966 procellae
344 940 426 965 vndique
443 941 562 962 cooriuntur,
586 943 603 959 ιι

65 972 102 988 toto
113 970 165 994 saeuit
176 969 227 988 Mars
240 970 299 994 impius
310 969 358 991 orbe.
380 975 414 988 nos
424 969 493 988 interea
506 969 541 988 hac
553 973 602 988 tran-

65 997 167 1023 quilliate,
183 998 218 1017 hac
230 1004 291 1017 rerum
298 997 426 1017 incolumitate
434 998 511 1020 vtimur,
526 1003 561 1017 nec
570 997 602 1016 aa.

65 1026 103 1046 huc
112 1026 183 1045 bellicis
195 1027 295 1045 terroribus
306 1027 404 1045 turbantur
411 1026 445 1045 hae
453 1029 521 1048 terrae,
536 1026 602 1045 fruun-

65 1059 133 1080 turque
146 1055 193 1074 adeo
206 1055 269 1074 Musae
280 1055 314 1074 hac
324 1055 430 1077 securitate,
443 1054 480 1074 hoc
492 1055 542 1077 oti0‚
562 1060 602 1079 quo

65 1083 137 1103 sublato
145 1090 210 1103 omnes
220 1090 283 1103 earum
291 1087 393 1103 concentus
402 1082 533 1103 conticescunt.
547 1083 602 1106 Quae

65 1113 126 1132 nostra
138 1113 187 1131 bona
199 1116 219 1131 vt
228 1113 284 1137 gratis
296 1118 317 1131 ac
330 1113 366 1137 piis
378 1112 473 1131 mentibus
491 1111 601 1134 recolamus,

65 1146 123 1167 vtque
134 1145 177 1160 vota
189 1147 210 1160 ac
219 1147 283 1166 preces
295 1141 318 1160 ad
327 1141 384 1160 deum
391 1140 520 1163 'immortalem
530 1146 564 1165 pro
575 1141 604 1159 in-

319 1169 349 1189 Bb
365 1176 378 1194 4
495 1169 603 1189 columitate
