2542 5146
125 611 209 687 44⁰-
515 549 813 607 *αἱ

128 749 313 854 pensionis
342 749 471 827 instare
501 759 647 848 tempus
678 764 727 824 ne
752 748 848 826 inter
873 744 1098 828 nouiffimas
1125 747 1201 851 qui·
1237 740 1238 750 '

128 866 215 949 dem
239 866 332 947 vitae
351 884 455 959 curas
482 861 554 944 suit
575 864 779 960 immemor,

244 1077 383 1162 Omnia
398 1081 505 1170 haec,
533 1095 570 1156 et
585 1080 668 1182 quis
683 1070 859 1170 vestrum,
884 1076 1102 1169 Auditores,
1127 1104 1198 1157 non
1245 1122 1252 1143 π

131 1193 240 1299 plura
264 1209 301 1275 et
321 1196 389 1280 alia
412 1195 600 1282 meminit,
628 1192 687 1270 sed
703 1192 792 1270 haec
809 1198 934 1272 omnia
961 1194 987 1269 si
1013 1196 1110 1284 boni
1135 1220 1197 1270 nu·

132 1310 244 1386 minis
276 1308 506 1408 indulgentia
536 1306 592 1386 his
618 1308 744 1396 terris,
785 1306 872 1386 huic
904 1307 1073 1406 populo,
1113 1312 1198 1385 huic

131 1419 358 1511 Academiae,
387 1420 561 1522 praeclari
578 1420 732 1497 alicuius
749 1421 910 1496 muneris
925 1420 1027 1509 loco,
1059 1420 1109 1500 ad
1128 1436 1198 1498 tam

133 1535 350 1613 diuturnum
371 1534 473 1612 vsum
497 1529 660 1619 toncella
686 1528 754 1615 elle
773 1537 1002 1631 cogitamus3·
1040 1531 1199 1613 fitanta·

133 1672 218 1725 rum
232 1650 408 1728 virtutum
425 1646 582 1728 frustum
601 1668 621 1722 e
637 1645 780 1724 summo
802 1670 923 1726 rerum
939 1646 1099 1748 fastigio,
1126 1663 1199 1726 tan

134 1760 245 1865 plena
261 1760 389 1862 copia,
420 1775 495 1838 tam
511 1759 629 1858 longo
652 1783 834 1845 annorum
857 1758 1007 1848 ordine,
1038 1763 1109 1859 qui
1135 1783 1197 1860 ptr

134 1875 170 1951 se
186 1874 347 1963 hominis
364 1897 497 1953 aeuum
520 1873 637 1952 facere
654 1870 771 1973 possit,
799 1874 839 1950 in
856 1895 925 1954 nos
945 1872 1180 1956 cumulatum
1187 1897 1199 1966 3

133 1986 162 2064 ii
179 2010 235 2066 res
251 1989 296 2069 ab
313 1986 465 2066 infirmis
478 2010 520 2067 ac
538 1988 671 2066 teneris
685 1985 894 2086 primordiis
912 1985 959 2065 ad
973 1985 1044 2062 hos
1062 1989 1199 2064 virium

135 2099 315 2180 andaset
337 2103 451 2179 robur
473 2098 684 2205 perdutias,
707 2096 934 2179 infestissimis
950 2097 1204 2199 periculosiss-

135 2215 282 2312 misque
315 2216 563 2312 temporibus,
609 2213 697 2289 belli
729 2235 880 2313 quoque
920 2211 1204 2301 calamitatibus,

140 2326 323 2415 eiusdem,
349 2329 413 2427 qui
430 2326 657 2413 fundauerat,
685 2323 875 2404 Viricuris
894 2324 1071 2413 seruatas,
1105 2327 1204 2405 relli-

142 2452 260 2529 tutas,
286 2437 519 2538 amplificatas
537 2452 765 2539 reputamus:
793 2439 1005 2538 percellitur
1022 2441 1206 2538 quodam·

144 2553 259 2645 modo
276 2557 418 2632 anianus
443 2553 487 2629 ad
506 2566 625 2631 tantae
639 2551 838 2640 felicitatis,
871 2566 1058 2632 tantorum
1083 2555 1208 2634 bono-

145 2690 228 2742 rum
252 2664 459 2760 recensum3
502 2678 641 2766 quanto
665 2668 782 2762 magis
803 2678 989 2741 tantorum
1015 2668 1207 2746 bonorum
1233 2752 1234 2757 p

143 2777 329 2871 amissione
345 2794 382 2859 et
397 2777 603 2879 ereptione!
660 2779 753 2857 Sane
777 2778 925 2877 quidem
943 2782 1064 2883 primo
1085 2781 1207 2862 statim

144 2891 405 2975 consolationis
446 2891 625 2995 susceptae
667 2892 821 2972 exordio
862 2894 968 2970 nobis
1008 2907 1207 2974 occentent

146 3030 295 3092 omnes:
326 3029 403 3083 non
428 3006 560 3104 iniquo
584 3006 709 3085 animo
728 3004 916 3083 ferendam
937 3002 1004 3083 eise
1020 3004 1207 3086 calamita.

146 3134 240 3208 tem,
278 3119 342 3197 diu
364 3117 563 3218 prouisam,
604 3131 641 3199 et
661 3140 754 3218 quae
776 3131 859 3200 ante
886 3132 943 3199 tot
971 3141 1090 3198 annos
1113 3124 1209 3200 acci.

146 3233 233 3310 dere
256 3234 436 3331 potuerit,
480 3245 521 3312 vt
543 3255 655 3317 omne
669 3230 753 3313 hoc
772 3243 917 3330 tempus
946 3233 986 3310 in
1006 3231 1115 3310 lucro
1139 3259 1208 3338 po·

147 3345 330 3434 nendum,
362 3368 439 3420 non
461 3368 563 3424 nunc
585 3345 631 3425 de
647 3345 783 3424 damno
803 3360 956 3446 accepto
972 3368 1207 3445 conqueren.

147 3457 236 3539 dum
254 3457 304 3537 fit.
327 3455 548 3548 Humanum
568 3472 689 3537 tamen
707 3458 767 3546 est,
778 3458 964 3557 ignoscere
979 3458 1206 3552 dolentibus,

147 3573 191 3651 iis
223 3571 391 3647 sortunae
423 3574 637 3650 muneribus
670 3574 828 3672 ereptis,
873 3594 1033 3672 quorum
1066 3573 1207 3654 satietas

147 3708 216 3761 nos
233 3707 424 3785 nunquam
449 3688 555 3784 cepit
616 3681 732 3765 Etiam
757 3687 794 3761 in
813 3688 1016 3764 amicorum
1036 3686 1203 3776 discidiis,

150 3798 212 3878 etsi
229 3799 323 3876 votis
345 3797 473 3876 noslris
491 3799 550 3874 die
569 3811 606 3875 et
624 3798 746 3901 mense
769 3822 845 3876 vno
863 3812 901 3878 et
915 3798 1030 3878 altero
1053 3798 1199 3885 adicito,

148 3936 233 3992 cum
269 3924 390 3989 tamen
421 3907 568 3992 discessu
607 3911 754 3990 tandem
780 3912 952 3999 faciendo
986 3912 1201 4003 dirimimur,

146 4025 304 4104 solentur
335 4024 554 4105 abeuntibus
589 4049 718 4103 manus
748 4027 918 4116 iniicere,
974 4026 1208 4128 amplexibus

146 4137 342 4223 inhaerere.
373 4214 375 4220 ,
403 4135 470 4254 ⁴tlt
493 4137 612 4221 seusus
643 4139 756 4220 nullu
785 4153 823 4219 et
854 4139 1000 4245 assellus
1025 4143 1067 4222 in
1092 4140 1207 4220 huius

1121 4252 1207 4335 Viri
