2542 5010
165 677 241 731 100
366 728 368 734 Α

170 854 179 883 0
270 819 346 900 Aui
371 820 533 898 breuiter
568 822 677 897 nimis
697 819 789 897 haec
824 844 844 896 a
870 812 1038 897 Stobenfi
1061 812 1220 918 excerpti
1237 860 1241 904 ;

160 938 262 1025 sunt,
293 951 356 1013 aut
372 937 412 1011 iu
426 934 509 1035 ipiis
530 935 659 1034 legum
676 934 810 1010 tabulis
827 934 896 1010 alia
919 933 980 1009 lex
997 935 1069 1010 fuit
1088 937 1126 1009 in
1144 958 1213 1009 ean·
1237 954 1244 1035 j

160 1051 247 1128 dem
269 1074 349 1126 rem
367 1048 515 1150 scripta,
550 1071 662 1148 quarn
678 1044 872 1125 Diodorus
895 1047 1072 1125 seruauit:
1108 1046 1209 1144 Sigm
1236 1050 1244 1093 ⁷

160 1192 236 1244 erem
256 1167 470 1262 ordinumque
483 1168 517 1240 in
532 1162 613 1239 belin
629 1165 820 1267 desertores,
850 1175 910 1239 aut
927 1191 1022 1239 nrmn
1032 1189 1101 1262 pro
1113 1167 1207 1261 petrin

146 1281 282 1387 ‘sumere
307 1275 439 1354 omnino
460 1276 685 1359 deireiiuuier.
727 1275 876 1354 muliebri
907 1282 1022 1379 ursiiiu
1045 1277 1150 1352 amitii
1165 1301 1207 1374 pu

160 1392 308 1471 munem
326 1396 360 1468 in
374 1394 457 1494 soro
471 1392 629 1494 deficiente
647 1391 702 1484 d).
737 1395 740 1401 ’
762 1388 983 1468 Communis
1002 1414 1044 1467 ea
1061 1393 1205 1467 omniun

163 1511 355 1586 ciuitatum
383 1503 594 1596 Graeciaes
625 1519 664 1581 et
688 1528 851 1603 quorum
878 1529 956 1581 non
983 1498 1206 1605 populorum!
1243 1545 1244 1548 κ

161 1624 234 1701 fuit
250 1623 324 1711 lex,
345 1636 385 1698 vt
401 1621 440 1697 id
455 1645 573 1719 genus
592 1619 766 1697 homines
781 1623 898 1719 capite
916 1618 1156 1719 pleilerentur
1171 1625 1206 1706 e).

163 1737 282 1838 Quod
306 1736 458 1835 quidem
473 1733 694 1836 supplicium
719 1735 890 1810 acerbum
910 1748 947 1810 et
969 1736 1142 1833 iniquum
1164 1733 1211 1809 ha·

163 1853 244 1928 beri
266 1874 344 1926 non
365 1850 483 1949 potest
498 1853 536 1925 in
557 1872 598 1924 ea
614 1873 689 1950 rep.
715 1850 755 1924 in
774 1871 848 1947 qua
867 1870 987 1947 aequo
1005 1868 1133 1925 omnes
1149 1850 1211 1922 inre

126 1995 128 1999 ’
161 1979 317 2041 utuntur
335 1978 372 2039 et
392 1964 568 2039 libertatis
585 1963 830 2062 publicaeque
850 1960 972 2038 satum
993 1961 1130 2039 fruitus
1150 1981 1215 2036 non

162 2081 288 2156 minus
324 2076 369 2174 aid
402 2100 540 2175 egenos
574 2091 611 2153 et
644 2074 792 2153 infimos
818 2098 932 2176 quam
958 2074 1003 2153 ad
1032 2077 1161 2154 diuites
1187 2084 1220 2148 et

163 2193 352 2294 principes
383 2194 588 2289 pertinent,
632 2191 818 2290 habetque
845 2191 938 2267 adeo
962 2195 1217 2290 unusquisque,

164 2328 231 2383 cur
252 2328 366 2405 remp.
385 2304 518 2381 saluam
542 2300 611 2380 effe
637 2304 747 2398 velit;
789 2327 969 2404 cumpro
992 2306 1123 2381 nostris
1149 2305 1217 2403 qui·

164 2419 251 2495 dem
274 2420 397 2515 regnis
420 2430 458 2494 et
472 2421 634 2518 imperiis
659 2418 806 2494 tuendis
830 2433 902 2495 vita
926 2417 968 2494 fit
984 2416 1220 2518 impendenda

164 2535 209 2610 iis
231 2534 390 2608 maxime
413 2531 647 2620 hominibus,
679 2554 839 2632 quorum
864 2531 957 2608 nihil
981 2533 1110 2619 refert,
1151 2554 1218 2633 quo

163 2644 315 2726 tandem
329 2647 420 2722 statu
442 2669 485 2723 ac
499 2647 586 2722 loco
605 2644 743 2722 surnma
760 2648 813 2721 rei
836 2645 897 2736 fit,
939 2649 1079 2747 quique
1105 2670 1153 2723 ex
1174 2647 1191 2722 f
1208 2692 1221 2709 ·

164 2758 362 2838 nestiffimo
397 2763 568 2860 quamuis
601 2763 689 2858 reip.
710 2760 795 2854 xcasu
830 2760 923 2836 nihil
953 2759 1053 2836 aliud
1082 2761 1219 2847 habent,

164 2872 270 2977 quod
301 2875 445 2974 sperent
469 2875 528 2951 vel
553 2889 744 2963 metuant,
788 2896 899 2974 quam
921 2889 962 2950 vt
986 2875 1047 2950 alii
1072 2876 1223 2953 miseriae

164 2991 293 3088 generi
308 2987 526 3065 adsuescant.
584 2985 736 3094 Thuriis
747 3002 868 3064 tamen
885 2991 950 3088 qui
966 2989 1067 3087 leges
1086 2989 1223 3091 scripsit,

162 3103 430 3180 humanitatem
451 3102 552 3203 sequi
575 3101 724 3196 maluit;
742 3103 847 3180 ‘forte
868 3117 906 3179 et
929 3103 1117 3203 publicam
1136 3107 1227 3180 vtili·

163 3227 297 3302 tatem,
335 3239 449 3315 quam
472 3239 557 3292 cum
586 3214 656 3291 hac
682 3215 766 3317 lege
794 3217 1025 3293 coniunitam
1047 3215 1117 3295 effe
1140 3221 1229 3295 arbi·

164 3331 329 3407 trabatur
350 3332 540 3406 maiorem·
598 3328 715 3419 Nam,
744 3330 850 3431 quod
865 3346 902 3406 et
919 3328 1095 3409 Diodoro
1115 3335 1236 3411 obser·

163 3456 311 3533 vatum,
339 3440 505 3520 seruabat
519 3444 659 3520 ciuitati
675 3447 767 3522 ciuis
793 3459 905 3546 caput
925 3447 1123 3546 (magnum
1146 3471 1236 3524 vero

181 3587 195 3595 0
296 3581 298 3583 ·
411 3588 413 3591 ·
1071 3559 1236 3651 lucrum,

178 3701 244 3799 d)
265 3713 394 3780 Diodnr.
405 3712 482 3787 xil,
502 3716 552 3780 16.
577 3713 680 3798 ἕτερον
692 3704 724 3779 it
740 3715 833 3798 ἔθηκε
852 3716 942 3793 νόμον
964 3716 1042 3781 uerri
1055 3722 1115 3781 τοῖν
1133 3721 1236 3784 λιτόν-

277 3795 416 3943 :reu
430 3797 801 3951 ‘aare’eiato
814 3801 1236 3950 erueturne

178 4026 188 4038 ,,
277 3966 337 4026 rre'iu
356 3962 434 4025 κοιτοὶ
454 3905 512 4026 τοδε
525 3903 851 4031 &inuenientium
863 3905 1047 4032 θοίιῖοιξοιῗτό
1061 3910 1235 4053 Lmen.

275 4046 365 4117 αὐτος
390 4047 559 4130 προσέταξε
578 4048 647 4118 τούς
666 4051 813 4120 τοιούτους
834 4053 867 4114 iv
881 4051 921 4136 rii
939 4050 1036 4137 ιὶγορξί
1054 4053 1105 4135 ὕφ’
1122 4053 1235 4138 ἡμέρας

276 4136 357 4216 τρεῖς
377 4131 532 4216 remititte
552 4133 584 4193 ἐν
605 4131 711 4214 ἐσθῆσι
735 4139 924 4208 muneratione.

176 4241 242 4332 je)
263 4243 420 4307 Noiumue
439 4243 471 4305 in
494 4243 567 4306 ioco
589 4248 749 4308 communi
773 4249 909 4310 haerere.
943 4266 973 4312 v.
982 4245 1074 4312 Petit.
1088 4214 1149 4313 LL
1162 4250 1231 4315 Art.

181 4334 185 4340 '
250 4325 364 4400 3V111,
382 4345 413 4405 3.
442 4328 573 4408 Cregiue
592 4331 629 4388 de
647 4348 711 4409 rep.
722 4330 831 4394 Laced.
853 4332 905 4393 lib.
916 4329 970 4395 ΙΙΙ.
994 4330 1138 4396 nuxit.
1162 4333 1232 4396 inii.

272 4408 396 4574 ἐίοίἐῃίεὲ
418 4411 511 4475 multi
542 4409 595 4475 atii
621 4410 712 4516 super
737 4411 927 4485 λοιποτιιέιόι
955 4427 988 4478 et
1007 4419 1233 4518 ieernrr'pere'ou
