2498 5002
509 702 799 750 fi-

120 762 198 836 372

119 909 250 998 Ciues,
278 908 397 984 otium
422 903 530 983 nobis
550 901 691 981 faciunt
711 926 753 978 ea
770 903 846 1002 ipsa
875 902 1080 993 sollennia,
1104 926 1171 1003 quac
1202 868 1203 873 Ἰ

116 1028 157 1103 in
180 1023 374 1101 crastinum
395 1019 492 1096 diem
509 1016 658 1119 publice
675 1016 900 1120 indicimus,
934 1024 975 1095 in
993 1016 1173 1121 quibusvis

116 1133 472 1252 Excellentiffimus,
514 1129 717 1208 admodum
747 1133 1008 1226 reuerendus,
1043 1131 1173 1230 Collega

118 1247 442 1338 coniundiffimus,

312 1409 601 1486 LVDERVS·
638 1408 1013 1486 KVLENKAMP

117 1574 229 1654 fausta
244 1573 340 1648 inter
366 1569 490 1646 omina
505 1580 543 1644 et
559 1569 655 1642 inter
668 1563 779 1641 laetas
796 1567 1074 1663 gratulantium
1093 1587 1175 1644 rnen

119 1688 363 1787 auspicabitur
386 1682 640 1781 Magistraturn
665 1702 773 1755 curae
800 1680 970 1781 fideique
989 1683 1076 1760 suae
1100 1704 1177 1758 man

120 1803 269 1890 datum,
300 1797 440 1897 fibique
467 1797 513 1872 ab
531 1790 751 1871 anteceffore
777 1796 816 1868 in
838 1819 979 1872 manus
1013 1798 1174 1874 traditum

119 1914 306 1995 Diuident
333 1926 454 1987 autern
479 1912 575 1985 inter
603 1908 639 1984 se
663 1907 852 1983 duumuiri
885 1909 924 1984 hi
962 1908 1177 2010 spectatissimi

123 2025 354 2128 supplicandi
386 2046 560 2123 nouaque
588 2036 674 2098 vota
697 2021 847 2121 publice
871 2022 1098 2124 suscipiendi
1121 2048 1180 2122 par·
1213 2025 1214 2031 ‘

120 2157 197 2234 tes;
225 2141 315 2216 alter
331 2137 495 2238 quidem,
526 2136 741 2234 Magistratu
762 2140 793 2210 ie
808 2135 1002 2227 abdicans,
1035 2143 1180 2214 oratione

121 2255 228 2334 smul
260 2254 320 2329 sua
350 2251 615 2350 complectetur
644 2251 677 2325 b.
702 2247 862 2337 Haileri,
918 2255 991 2350 qui
1023 2251 1089 2352 sub
1114 2250 1180 2328 anni

119 2370 316 2469 superioris
342 2370 484 2442 exitum
507 2367 579 2440 vita
601 2362 762 2451 deceffit,
790 2361 938 2444 laudes.
981 2370 1136 2468 eiusque
1154 2369 1182 2438 in

120 2509 199 2561 rem
226 2483 436 2559 litterariam
456 2478 677 2567 uniuersam,
708 2475 943 2554 Academiam
970 2479 1185 2582 Gottingen·

121 2599 219 2690 sein,
251 2612 289 2675 et
302 2594 462 2673 studium
487 2593 674 2683 medicum
698 2595 880 2668 enarrabit
904 2598 1086 2675 merita..
1118 2676 1123 2683 ,

232 2811 315 2891 nac
332 2813 455 2915 itaque
482 2809 593 2889 officii
618 2827 718 2911 parte
748 2810 878 2900 leuati,
911 2809 1054 2904 Ciues,
1085 2838 1189 2917 quan·

120 2928 324 3028 doquidem
341 2927 566 3005 sollenninus
586 2929 623 3001 in
641 2927 709 3002 hac
726 2927 847 3001 tabula
866 2925 1082 3005 indicendis
1101 2954 1190 3029 prae·

120 3041 273 3120 fandum
297 3043 364 3131 est,
379 3044 382 3048 ’
397 3042 507 3117 vtanto
532 3040 684 3116 liberior
704 3039 784 3116 data
813 3041 861 3117 est
884 3039 1047 3118 facultas
1076 3046 1190 3144 exi'pa·

119 3158 236 3234 tiandi
252 3156 500 3231 etdetexendi
522 3154 654 3243 teiam,
692 3176 803 3253 quam
829 3177 949 3252 nuper
972 3159 1101 3235 exorti
1125 3183 1191 3234 era·

120 3296 223 3359 ntus,
254 3285 294 3344 vt
312 3267 544 3356 Numerum,
576 3291 670 3366 quos
688 3265 940 3346 Romanarum
955 3255 1192 3349 Familiaruni

117 3397 272 3469 vocant,
301 3385 341 3458 in
360 3384 485 3459 nostro
501 3382 633 3459 Museo
655 3384 864 3458 academico
890 3382 1125 3462 seruaturum
1143 3411 1191 3462 re·

118 3498 266 3575 censum
281 3497 550 3596 persequamur.
610 3494 664 3573 Vt
679 3499 792 3594 igitur
810 3496 854 3573 ad
870 3495 966 3572 illud
983 3500 1187 3598 vestigium,

115 3616 252 3711 inquo
276 3624 359 3686 tum
383 3610 625 3700 substitimus,
672 3626 917 3700 reuertamur,
958 3635 1189 3691 commemo

116 3725 228 3803 randa
257 3748 358 3801 nunc
387 3727 488 3801 venit

229 3857 332 3937 Gens
358 3855 520 3936 FVRIA.
581 3859 609 3935 1.
642 3856 763 3957 Caput
787 3856 875 3934 deae
901 3853 1046 3934 Romae
1068 3861 1187 3960 galea·

114 3969 267 4050 tunnX.
296 4004 337 4048 ε.-
366 3970 488 4049 Diana
506 3974 545 4047 in
563 3973 658 4069 bigis
675 3974 767 4061 citis,
794 3972 940 4047 eleuato
959 3971 1092 4070 flagro,
1113 3998 1185 4052 cre·

112 4085 235 4164 scente
260 4086 349 4172 luna
377 4088 416 4162 in
439 4087 562 4162 fronte
588 4085 766 4183 infignita.
844 4087 961 4184 Supra
978 4111 1133 4177 murex,
1161 4087 1182 4163 s.

111 4202 254 4278 concha
276 4196 400 4295 Tyria.
458 4198 558 4277 Infra
586 4197 811 4297 PVRpureo:
839 4204 975 4297 (prima
994 4202 1118 4278 littera
1139 4200 1181 4279 ad

110 4328 272 4391 veterem
288 4312 436 4390 dudum
455 4311 589 4407 efficia)
620 4313 774 4389 Subter:
800 4311 963 4391 ROMA.
1015 4316 1181 4415 spectare

109 4429 254 4506 ridetur
285 4452 419 4506 numus
449 4429 494 4506 ad
519 4425 564 4508 L.
579 4425 732 4505 Furium
756 4426 1065 4528 Purpurconem,
1114 4432 1179 4528 qui

286 4543 290 4553 ’
1076 4545 1178 4620 betto
