710 1313
33 697 44 808 u-,aeae-

563 222 600 240 ¹91

66 258 85 277 in
96 257 170 277 Italiam
182 255 271 282 (olymp.
279 256 364 279 XCVII,
373 264 392 282 4,
408 259 423 277 a'.
436 256 457 277 C.
471 261 514 281 389‘
529 258 603 282 fastam)

67 292 112 305 cum
124 285 210 308 Graeci,.
222 285 253 305 etsi
268 286 321 305 clade
334 292 344 305 a
355 285 435 305 Lucanis
445 286 538 311 superlore
553 293 603 307 anno

66 319 142 341 accepia
150 314 213 336 attriti,
223 315 285 339 copias
294 314 433 337 contraxissent,
447 315 515 340 quibus
522 319 604 340 tyranno

67 343 91 363 ad
98 343 210 363 Cauloniam
217 347 341 365 occurrerent,
356 344 454 369 iri-iperium
465 343 548 363 detulere
557 344 604 364 Cro-

66 372 142 392 toniatis
157 372 184 394 (v.
193 370 273 391 Diodori
281 371 335 394 XIV,
350 378 385 396 ¹03
397 372 422 397 sq.
442 372 504 391 lustin.
510 372 558 395 XX,
570 373 603 397 5.)-

66 400 133 420 Parum
139 400 217 420 feliciter
224 406 270 420 mox
278 400 301 420 ab
310 401 332 419 iis
340 404 443 426 pugnaturn
449 401 530 420 ducente
539 402 604 421 aduer-

67 429 97 449 sus
108 429 178 449 hostem
190 430 253 455 copias
264 429 334 449 Helori.
365 429 465 455 Dionysius
478 432 540 449 tamen
552 436 604 456 prae-

68 462 96 477 ter
109 464 181 477 morem
193 458 291 477 clementia
309 458 350 477 vsus
363 458 429 478 foedus
447 464 469 477 ac
482 464 547 484 pacem
560 465 604 478 cuin

68 487 145 512 Graecis
158 487 200 506 iniit
214 486 245 512 (v.
258 486 337 506 Diodor.
352 487 416 511 ibid.).
446 486 549 507 Crotonem
558 493 604 507 vero

68 519 88 534 et
95 515 190 540 Rhegium
202 521 245 535 eurn
254 514 366 541 expugnasse
377 520 396 535 et
404 516 426 535 iis
434 516 510 535 vrbibus
522 522 555 541 per
563 515 604 536 XII

68 550 129 563 annos
145 544 262 563 dominatum
278 543 323 566 esse,
345 550 368 563 ex
383 543 469 569 Dionysii
482 544 542 564 Halic.
555 544 604 570 frag-

66 576 133 592 mento
142 572 228 592 discimus
240 573 270 597 (in
276 572 361 598 Exterpt.
372 579 390 598 p.
398 572 460 597 715.).
490 572 547 592 Addit
554 573 603 593 idem

69 602 144 626 tyranni
151 605 203 621 metu
212 601 255 620 alias
264 601 318 620 vrbes
329 601 409 621 barbaris
421 601 451 623 (li.
462 608 476 620 e.
492 600 572 621 Lucanis
585 606 604 621 et

69 629 155 652 Bruttiis)
170 629 187 649 se
199 629 294 651 dedidisse,
309 629 352 649 alias
361 631 385 649 ab
394 630 422 649 liis
430 629 502 649 afflissas
511 629 604 655 Dionyfio

68 659 86 678 se
103 658 214 681 adiunxisse,
238 659 355 683 omninoque
372 658 435 678 misere
450 659 533 678 afflii‘hm
552 659 604 679 fuisse

68 687 107 707 hoc
118 691 202 712 tempore
209 687 299 712 Magnam
308 686 410 707 Graeciam.
439 687 507 707 Arcem
517 688 605 707 Crotonis

67 723 100 741 per
111 717 176 741 auersas
187 722 235 741 rapu
248 723 259 735 a
273 716 355 742 Dionyfio
367 723 397 740 per
410 716 466 735 dolum
481 715 516 735 effe
531 720 604 741 aptam

68 744 135 764 Liuius
145 745 182 764 alio
190 745 234 764 loco
241 748 332 764 memorat
338 743 415 767 XXIV,
429 751 445 768 3.
475 743 502 763 Vt
511 744 558 764 adeo
565 751 605 764 non

70 773 155 799 paffioiie
163 773 193 793 sed
205 774 251 793 viae
261 773 325 792 fraude
334 775 407 798 aptam
419 772 523 792 Crotonem
534 773 605 793 necesl'e

70 802 97 821 fit.
128 801 198 821 Iterum
206 801 269 821 affiifia
279 802 304 821 est
312 800 385 821 Croton
397 802 420 821 ab
430 801 538 827 Agathocle.
567 801 606 821 Pri-

42 840 44 859 i
70 837 124 850 rnum
133 831 173 850 vrbi
181 836 191 849 a
198 829 273 849 Bruttiis
284 830 381 849 obsidione
392 830 460 855 pressae
472 830 540 850 auxilia
552 830 606 850 mise-

43 867 44 872 *
70 863 112 879 rant
124 859 230 885 Syracusani
241 859 320 878 ducibus
337 858 435 878 Heraclide
449 858 552 882 Sofistrato,
571 860 605 885 qui

70 888 134 913 paullo
143 888 183 913 post
191 893 253 907 rerum
259 888 328 907 summa
337 887 428 913 Syracusis
437 888 507 913 potitus
515 888 545 907 est.
566 887 604 907 Mi-

69 916 134 941 litabat
142 917 174 936 sub
184 917 206 936 ii's
218 916 330 941 Agathocles
338 916 424 935 tribunus
437 916 528 940 militium
543 917 559 936 is
573 916 605 935 de-

69 945 128 965 eludis
140 951 167 964 exv
175 945 227 964 Italia
234 945 293 970 copiIs
304 944 397 967 remansit,
415 948 434 964 et
447 944 535 965 Crotonis
549 951 605 964 occu-

69 973 140 999 pandae
148 973 223 993 consilia
230 974 280 995 iniit,
296 973 326 992 sed
336 973 366 998 spe
374 973 454 993 deiestus
461 974 493 992 vix
506 979 549 993 cum
560 979 606 999 pau-

70 1003 96 1022 cis
107 1001 215 1024 Tarentum>
224 1001 288 1021 euasit:
307 1001 387 1021 Diodor.
396 1001 459 1025 XIX,
469 1008 486 1026 3.
496 1009 515 1026 4.
550 1001 606 1022 Refe-

70 1031 127 1055 renda
136 1031 181 1051 haec
188 1031 297 1050 arbitramur
309 1030 332 1049 ad
340 1036 399 1050 annos
415 1029 493 1056 olymp.
502 1026 574 1053 CXIV,
584 1037 603 1055 4.

40 1061 42 1063 ’
71 1059 133 1082 CXV,
146 1066 161 1079 1.
177 1065 192 1079 a.
205 1058 226 1079 C.
238 1065 282 1083 3²¹·
294 1065 337 1083 3²⁰-
352 1065 395 1081 nam
405 1059 503 1079 adliorum
512 1064 606 1079 annorum

39 1096 41 1098 ·
69 1089 128 1113 gesta,
143 1094 190 1114 quae
199 1094 222 1107 ex
233 1087 321 1108 Diodoro
333 1087 366 1108 lib.
375 1087 452 1110 XVIII,
466 1094 498 1112 43.
508 1094 541 1113 44.
555 1089 606 1107 exci*

69 1117 147 1139 derunt,
162 1117 208 1136 haec
218 1115 323 1141 pertinuisse
331 1116 400 1138 necesse
412 1117 441 1135 est.
471 1116 499 1136 Ex
507 1117 529 1136 iis
536 1120 604 1139 autem,

69 1151 117 1171 quae
128 1145 165 1165 alio
179 1145 223 1166 loco
238 1145 270 1175 lib.
280 1144 341 1168 Xlx,
359 1151 388 1164 10.
418 1144 515 1165 DIodorus
527 1145 606 1177 sumnia.

571 1178 605 1193 tim
