2542 5010
413 120 434 137 ,οὔ

143 448 281 513 ΠΙ..
357 496 359 500 λ
530 414 874 472 ωΗ

136 596 237 675 hunc
253 593 397 684 luxum,
426 607 585 694 quantus
603 608 761 694 quantus
778 595 838 685 est,
868 596 1024 701 eiedurn
1044 601 1172 690 ciuitate,

136 710 439 811 disciplinamque
462 723 622 788 veterem
647 709 881 807 apostolicam
906 714 1032 791 exatle
1063 716 1176 793 restim
1221 763 1237 803 ἢ

133 816 211 904 tam
235 825 313 901 sore
336 823 453 923 speret
478 823 631 921 aliquis,
670 824 785 900 modo
813 848 929 906 vnum
960 829 1021 903 vel
1047 829 1168 903 alterum

135 940 341 1023 vestimenti
363 939 529 1012 lautioris
546 961 684 1035 genus,
716 939 819 1037 quod
836 940 1021 1039 displicet,
1048 956 1106 1018 aut
1122 963 1169 1016 um
1200 992 1213 999 -

134 1054 195 1131 vel
211 1051 323 1128 altera
348 1076 402 1127 ars
422 1050 565 1135 caolet,
604 1075 710 1151 quae,
742 1052 830 1128 dum
857 1058 951 1131 vitae
978 1056 1172 1155 elegantiam

134 1169 418 1264 animorumque
444 1163 720 1241 deledationem
740 1165 804 1260 sabi
828 1168 938 1246 habet
960 1170 1190 1268 propositam,

134 1298 292 1362 avetere
316 1278 379 1356 illa
399 1280 767 1375 seueritaterecedit3
806 1306 910 1371 cum,
940 1284 1000 1359 vel
1025 1285 1089 1360 illa
1109 1298 1178 1370 arte,
1197 1287 1199 1312 ²

132 1397 338 1493 ceterisque
360 1395 496 1468 artibus
524 1388 834 1493 cunctis‘penitus'
859 1396 1027 1482 sublatis,
1059 1399 1181 1496 reliqua
1201 1392 1204 1452 ³*

129 1524 305 1590 maneant
324 1510 468 1596 omnia,
495 1509 668 1606 aquibus
693 1513 1114 1611 ntorumconuptelam
1130 1536 1184 1611 pu·
1208 1514 1209 1517 ’

129 1620 228 1701 blice
246 1624 493 1723 priuatimque
511 1620 687 1720 proficisci
704 1622 841 1700 necesse
856 1626 917 1713 est,
943 1625 1062 1701 desint
1076 1640 1185 1702 autem

131 1740 200 1816 alia
226 1736 404 1837 plurima,
448 1758 541 1835 quae
577 1738 615 1810 in
643 1740 850 1814 ciuitatibus
882 1739 1013 1815 nostris
1039 1740 1109 1816 ess'e
1133 1764 1186 1814 ne·

131 1865 286 1954 queunt,
302 1849 376 1926 fine
393 1852 528 1948 quibus
549 1864 669 1928 tamen
685 1850 873 1950 disciplina
888 1852 952 1930 illa
967 1867 1077 1930 vetus
1090 1856 1186 1930 tristia
1227 1945 1228 1948 q

130 1990 176 2042 ac.
189 1965 395 2040 truculenta
419 1988 466 2039 ne
492 1965 660 2062 optanda.
678 1967 830 2065 quidem
852 1967 911 2041 est.
984 1965 1186 2047 Hominum
1228 1984 1234 2064 ᾗ

127 2081 251 2177 itaque
272 2081 409 2157 naturis
432 2080 690 2176 ingeniisque,
721 2093 929 2178 temporum
946 2080 1188 2181 locorumque
1235 2087 1237 2103 '‘

127 2195 352 2280 rationibus,
392 2192 656 2268 necessitatibus
683 2206 719 2271 ct
740 2197 1099 2293 opportunitatibus,
1132 2198 1193 2293 obs

125 2323 329 2406 temperate
356 2305 409 2385 fas
434 2306 484 2381 est
512 2305 739 2410 sapientiam,
795 2331 889 2406 quae
913 2309 1055 2407 aliquid
1090 2334 1192 2386 verae

125 2421 291 2499 utilitatis
307 2420 454 2517 ciuibus,
470 2419 596 2523 afferre
612 2421 717 2514 velit,
747 2421 899 2501 trecsrne
914 2422 1037 2500 subtili
1053 2424 1192 2501 iudicio

126 2558 325 2634 rerumque
343 2534 550 2615 nostrarum
575 2557 616 2609 ac
639 2549 849 2633 temporum
865 2539 1194 2638 institutorumque

125 2650 382 2750 exploratione
396 2647 681 2747 ueladoptanda
700 2650 783 2724 sunt
798 2650 925 2738 multa,
956 2656 1098 2749 egregii
1113 2655 1195 2754 qui.

124 2764 212 2843 dem
239 2762 421 2861 exempli,
458 2761 516 2837 sed
535 2786 553 2835 a
570 2774 652 2843 toto
677 2765 770 2840 uitae
788 2764 927 2839 nostrae
951 2764 1057 2840 cursu
1081 2789 1126 2843 ac
1142 2781 1195 2843 te·

125 2902 218 2965 nore
245 2875 471 2961 alienissima,
517 2873 576 2952 vel
595 2876 790 2954 reiicienda
814 2901 861 2965 ac,
880 2877 1086 2976 damnanda
1104 2880 1191 2970 walia,

125 3014 220 3092 quae
247 2995 286 3068 in
307 3014 377 3079 ea,
398 3014 509 3090 quam
530 2992 710 3080 uiuimus,
737 2991 956 3081 ritualiter
982 3009 1194 3095 comparata

123 3104 420 3210 ellesnequeunt.
1191 3141 1196 3151 s

108 3411 112 3418 ,
238 3329 310 3408 Sed
332 3330 567 3428 abstergenda
580 3332 646 3417 est.
665 3356 686 3409 a
705 3331 828 3409 fronte
852 3335 974 3410 omnis
1006 3332 1190 3424 seueritas,

121 3443 356 3542 hilaritasque
382 3439 589 3521 assumenda
620 3445 712 3535 diei,
752 3449 858 3524 cuius
882 3447 1061 3524 sollennia
1088 3471 1191 3526 nunc

121 3560 232 3640 nobis
252 3558 409 3658 superest
435 3557 712 3661 vtindicamus.
780 3559 922 3638 Natalis
952 3561 1049 3638 adest
1072 3559 1191 3639 almae

121 3674 263 3749 nostrae
306 3671 679 3776 GeorgiaeAugustn,
739 3677 804 3773 qui
837 3687 877 3750 vt
909 3675 1023 3753 fausto
1060 3679 1192 3752 omine

120 3789 217 3863 inter
242 3786 443 3870 fauentium
473 3788 570 3865 bona
595 3789 704 3865 verba
727 3803 764 3863 et
787 3787 1072 3886 studiaagatut,
1103 3789 1194 3895 dili

120 3917 250 4000 genter
275 3925 293 3977 a
314 3902 422 3977 nobis
442 3901 715 3999 prouidendum
737 3902 794 3980 eit.
867 3899 1037 3979 Ducetur
1061 3905 1190 4002 itaque

120 4014 180 4091 die
207 4015 362 4092 crastino
387 4037 524 4113 pompa
542 4014 716 4112 sollennis
743 4019 779 4089 in
799 4016 980 4115 templum
1007 4017 1188 4093 academi-

119 4116 225 4218 cum,
262 4143 484 4231 peragentur
506 4130 575 4209 rite
597 4132 838 4209 caerimoniae
864 4122 1003 4220 sacrae,
1025 4129 1186 4230 ,persol-

1055 4257 1190 4322 ventur
