710 1313
556 234 596 263 395²

58 284 162 309 porrigens.
193 282 282 302 Inferius:
296 282 337 301 Rex
346 281 446 304 ARETAS.
467 280 551 302 Adlatus
560 281 596 301 EX
627 288 632 293 ·
669 294 671 296 -

37 313 77 332 ·-S.
83 311 104 331 C.
114 316 132 331 et
140 312 202 337 supra:
218 311 246 331 Μ
253 310 353 331 SCAVRm
367 310 445 330 A'EDilit
459 310 518 331 CVR.
531 320 551 331 =
564 308 600 337 Ju-=

37 344 44 368 ξ
59 341 108 366 piter
119 341 138 359 iri
148 340 189 360 ciris
202 340 307 365 quadrigis,
322 339 374 359 laeua
385 340 474 362 habenas,
490 341 554 360 dextra
561 340 598 359 tul-

37 367 46 387 ¹1:

37 431 46 444 Ξ

60 375 104 389 men
113 373 188 392 tenens;
202 368 235 387 sub
245 369 298 393 equis
305 368 383 393 scorpio.
414 368 436 388 ln
445 369 539 394 superiore
548 375 597 388 area:

60 397 80 417 P.
87 396 201 418 HYPSAEm
213 396 267 417 COS.
281 396 428 416 PREIVERnum
442 396 546 417 CAPTVm.
569 397 599 417 Est

62 430 118 452 typus
130 425 218 445 Aemiliae
229 426 281 450 genti
291 426 407 445 communis..
421 425 490 447 Morell.
501 426 574 446 Aemilia
584 427 599 449 Ι,

41 460 45 473 f
64 462 82 475 ι,
97 455 168 474 Plautia
176 460 195 474 2.
225 453 267 473 Cusi
280 454 366 473 videntur
373 455 443 474 numia
453 455 500 474 binis
510 455 600 479 Quaesto-

37 483 43 502 J

37 519 42 531 Ι

62 484 114 503 tibus
126 483 178 503 Bruti
186 483 216 502 vel
228 482 291 505 Canii,
305 483 365 502 altero
375 489 398 502 ex
408 483 495 506 Aemilia,
508 484 566 504 altero
576 490 600 503 ex

63 512 133 532 Plautia
146 515 202 537 gente
212 511 304 531 oriundo:
326 511 437 531 exhibentur
449 513 545 538 Vtriusque
555 518 601 538 gen-

64 542 87 560 tis
96 541 171 560 decora:
193 540 293 562 Aemiliae,
308 539 373 559 Aretas
383 540 466 560 Arabum
478 547 510 560 rex
522 541 601 567 supplex

63 569 120 589 ffflus
132 569 159 588 M.
165 569 244 591 Scauro,
260 569 293 593 qui
302 568 392 594 Pompeio
405 575 440 594 pto
450 569 552 593 Quaestore
559 570 601 591 fuit,

65 597 90 617 V.
98 597 118 617 C.
125 599 171 621 692.
201 597 292 619 Plautiae,
308 596 478 617 Priuernum'Latii
486 598 578 623 oppidum
590 597 602 618 ἀ

63 625 84 646 P.
90 626 163 646 Plautio
175 626 261 651 Hypsaeo
272 624 313 645 Cos.
323 632 370 650 4¹²·
386 630 466 651 captum.
507 626 603 647 Gefferant

65 659 127 675 autern
139 661 162 674 ex
176 659 253 680 vti-aque
264 658 321 679 gente
331 654 398 674 eodem
406 661 456 674 auno
466 657 505 680 695
521 655 603 675 aedilita-

66 688 104 704 tem
112 684 140 704 M
147 684 225 703 Scaurus
238 687 256 702 et
268 682 287 702 P.
297 682 397 708 Hypsaeus.

123 720 156 740 111
172 720 233 744 Caput
243 718 314 739 Rornae
326 719 424 744 galeatum.
434 719 462 739 X.
481 724 501 735 =
515 701 609 747 Dioscuri

68 750 88 769 in
97 750 137 768 citis
148 749 207 773 equis
223 747 244 767 C
255 746 356 767 PLVTIus.
372 748 428 767 infra:
441 747 522 768 ROMA.
539 748 604 769 Refer-

67 782 99 797 tur
110 777 132 797 ad
145 776 166 796 C.
176 776 269 796 Plautium
281 775 398 802 Hypsaeum,
420 776 542 801 Quaellorem
552 778 605 797 vrba-

67 812 113 826 num
128 812 173 831 594.

126 848 249 869 POBLICIA.
269 849 282 868 l.
298 848 441 874 CwutRomae,
454 849 512 874 galea,
527 850 607 869 incuruo

70 884 121 898 cono
133 881 152 897 et
160 878 246 902 vti-inque
258 877 319 903 palma
329 881 401 899 ornata,
421 878 494 897 tedium.
524 877 606 898 ROMA.

71 906 150 932 Appifla
162 906 221 925 littera
232 906 252 926 C.
262 906 292 925 vel
300 905 323 925 G.
341 914 361 925 =
381 906 471 926 Hercules
482 906 556 933 leonem
569 907 608 926 Ne-

71 941 145 955 maeum
162 935 258 954 suffocans.
295 934 326 954 Ad
343 935 399 959 pedes
414 935 478 958 claua,
500 940 540 955 tum
555 941 608 955 arcus

72 970 115 983 cum
127 963 228 989 pharetra·
239 962 260 982 C.
269 962 389 983 POBLICIus
407 963 466 990 Quinti
474 964 496 984 F.
529 963 581 984 Nota
593 964 610 984 C

72 992 103 1012 vel
111 991 134 1012 G.
149 991 218 1012 Mor-cll.
225 992 261 1012 IV.
266 992 288 1012 C.

131 1025 155 1045 ll.
170 1025 230 1050 Caput
242 1024 314 1044 Romae
325 1024 423 1049 galeatum.
452 1024 480 1044 M.
489 1024 611 1045 POBLICIue

75 1052 163 1074 LEGatus
176 1052 228 1073 PRO
242 1052 332 1072 PRaetore.
348 1061 368 1072 z
382 1053 434 1073 Stans
443 1054 462 1072 in
474 1055 533 1079 puppi
542 1054 611 1074 Roma-

75 1089 111 1102 nus
123 1082 204 1108 palmam
221 1082 289 1107 accipit
301 1088 311 1101 a
324 1081 382 1107 figura
397 1082 483 1102 muliebri
502 1082 610 1108 porrefiam,

74 1117 122 1137 quae
135 1111 217 1136 clipeum
228 1116 272 1130 curn
282 1110 330 1129 binis
344 1111 416 1135 spiculis
427 1111 495 1136 gestat3
514 1111 539 1130 est
548 1117 569 1130 ea
578 1111 613 1131 Hi-

74 1140 142 1165 spania.
165 1138 206 1158 CN.
217 1138 331 1158 MAGNVS.
346 1138 398 1158 IMP.
420 1139 514 1161 Morcus.
543 1139 570 1159 M.
577 1139 613 1165 Ρᾳ-

76 1168 154 1189 bliciurn
162 1167 264 1193 Pompeio,
280 1173 309 1187 res
320 1168 340 1187 in
350 1167 441 1193 Hispaniis
453 1174 497 1188 cum
510 1168 612 1194 proconsu-

579 1197 614 1217 lari
