2542 5010
0 284 55 400 y
75 288 224 368 uidem
247 288 552 390 Pythagoricum,
591 313 670 367 non
695 292 851 383 omnino
876 290 1142 399 temeresuiph

47 467 50 470 .
77 424 213 493 fimur.
234 502 235 505 y
274 394 418 499 Notum
436 407 484 482 eli
499 405 728 506 Pythagorae
754 405 952 508 discipulos
973 396 1141 505 inprimis

8 508 286 613 {sinitatibus
306 522 568 598 constituendis
597 533 634 595 et
656 520 766 597 rebus
793 522 965 626 ciuilibus
988 522 1141 597 tradari-

1 612 132 706 QSlis
148 637 291 715 animos
309 633 483 712 adiecille.
542 633 695 740 Multae·
707 636 753 713 ab
765 638 819 716 iis
841 658 935 734 resp.
956 658 1003 710 ex
1022 637 1142 725 ciuili,

1 719 147 821 '‘³³¹³th
161 750 334 847 procellis
360 749 405 826 ad
430 748 735 849 tranquillitatem
751 750 932 825 restitutae
948 749 1049 836 sunt,
1078 739 1143 841 aut

0 857 38 959 '2
64 831 220 957 legibus
243 864 476 954 emendatae,
501 865 670 964 inprimis
695 863 843 942 foedere
863 867 958 941 inter
976 863 1139 964 Magnae

77 955 249 1061 Graeciae
270 982 434 1056 ciuitates
454 994 490 1055 et
509 979 701 1055 communi
718 978 870 1055 consilio
893 1003 934 1056 ac
951 997 1142 1058 conuentu

3 1058 25 1158 ,³
78 1093 275 1171 ,conitituto
302 1094 347 1169 ad
373 1092 604 1171 Achaeorum
626 1092 875 1192 exemplum,¹
901 1076 983 1196 post
1008 1117 1141 1191 graues

90 1204 218 1296 turbas,
249 1230 337 1284 cum
360 1208 425 1286 sub
450 1206 676 1308 Pythagorae
703 1223 861 1289 mortem
886 1210 1055 1283 immanis
1078 1207 1142 1283 illa

91 1323 220 1398 ruratio
238 1338 275 1397 et
295 1323 476 1406 odiorum
493 1327 667 1399 acerbitas
693 1323 730 1397 in
757 1320 1022 1421 philosophum
1048 1323 1143 1413 eiusf

14 1438 16 1463 ²
90 1452 153 1533 que
167 1437 361 1512 familiares
386 1435 576 1524 saeuiillet,
604 1454 790 1512 uteorum
813 1435 971 1535 collegia
992 1459 1144 1512 concre-

4 1566 9 1583 ”
84 1566 284 1639 narentur,
310 1549 376 1649 ipsi
401 1555 478 1650 viui
493 1553 819 1638 comburerentur,
848 1565 884 1626 et
901 1552 1086 1652 principes
1101 1552 1142 1661 ira

77 1686 222 1765 quaque
252 1669 399 1742 ciuitate
427 1667 667 1754 tollerentur,
714 1664 773 1759 (v.
795 1663 925 1765 Polyb.
944 1662 1002 1770 ll,
1036 1659 1138 1764 39.)

75 1778 148 1868 ¹lilii
166 1782 204 1854 in
221 1780 364 1878 legibus
383 1781 626 1885 congerendis
648 1781 940 1860 commentandis
964 1768 1142 1879 interpress

75 1894 271 1994 taedisque
294 1902 343 1987 z)
379 1901 500 1973 autin
527 1894 662 1972 libellis
686 1893 847 1993 politicis
870 1893 1141 1994 componendis

71 2031 226 2108 operam
264 2009 514 2099 collocarunt,
568 2007 707 2087 Dorica
737 2009 888 2108 quidem
919 2008 1141 2108 plerumque

69 2121 228 2199 dialeilo
255 2123 321 2199 vir⁴
345 2123 564 2226 (Jamblich.
603 2132 629 2216 §
653 2148 742 2218 241.
789 2120 967 2222 Porphyr.
1000 2127 1139 2215 §ii-l

63 2259 184 2336 ,quam
212 2241 249 2312 in
275 2239 512 2337 fragmentis,
548 2262 641 2339 quae
656 2232 973 2336 Pythagoreorum
998 2259 1138 2312 nomen

68 2352 306 2450 praeierunt,
333 2377 380 2430 err
398 2354 558 2434 Stobaeo
575 2352 737 2440 colletlis
753 2350 874 2429 adhuc
895 2344 1138 2449 agnoscimus.

66 2463 162 2552 Non
190 2469 315 2565 itaque
339 2467 583 2567 improbabile
610 2467 678 2554 elt,
710 2468 899 2564 prooemia
919 2464 981 2541 illa
1000 2463 1140 2567 legum,

69 2603 157 2657 cum
175 2583 299 2678 paucis
314 2581 441 2680 legum
459 2582 683 2680 fragmentis,
703 2603 750 2654 ex
767 2577 998 2678 Pythagoreo
1014 2578 1143 2676 aliquo

67 2694 298 2801 philosopho
321 2695 388 2783 elle
413 2685 608 2797 exleripta,
639 2719 658 2770 a
682 2716 759 2794 quo
782 2694 928 2800 vestigia
945 2691 1141 2782 nonnulla,

72 2809 154 2891 [atis
170 2804 326 2888 ‘obscura
344 2810 508 2913 quidem,
532 2807 781 2911 Pytlragoreae
800 2806 1010 2908 disciplinae
1026 2808 1065 2882 in
1081 2808 1143 2881 iis-

71 2924 159 3010 dem
176 2921 341 3023 imprella
357 2925 555 3022 l'uperl'unt.
588 2924 694 3015 Quae
714 2935 834 2998 tamen
857 2924 938 3020 quis
964 2944 1009 2998 eo
1029 2923 1144 2997 inter-

68 3054 245 3138 pretetur,
265 3055 305 3114 vt
318 3039 562 3119 adulterinum
578 3037 705 3113 falsarii
715 3060 809 3141 opus
825 3035 1025 3135 bociplum
1041 3059 1144 3112 coar·
1264 3108 1267 3116 ,

71 3152 187 3251 guat?
217 3182 222 3191 ⁴
246 3151 315 3230 llla
338 3153 411 3254 ipsa
432 3151 749 3251 Pythagoreorum
773 3149 1079 3250 philosophorum
1103 3153 1144 3226 in

73 3266 222 3365 legibus
246 3270 406 3368 antiquis
431 3267 650 3344 illustrandis
669 3265 803 3352 studia,
837 3265 960 3341 nostro
990 3263 1143 3364 quidem

69 3382 225 3469 iudicio,
247 3378 400 3460 effecille
420 3382 602 3468 videntur,
631 3395 669 3455 vt
685 3382 780 3456 inter
794 3375 1023 3478 Pythagorae
1041 3377 1145 3455 disci·

65 3497 184 3611 pulos
207 3494 421 3583 Charondas
455 3511 491 3585 et
516 3496 700 3579 Zaleucus
729 3517 860 3606 parum
895 3493 999 3571 docte
1033 3491 1145 3569 refer·

573 3607 605 3700 L
644 3634 661 3706 5
998 3621 1138 3685 rentur.

37 3841 56 3883 ,ἶ
107 3872 156 3957 ι)
184 3869 269 3936 Dian
298 3880 402 3934 tameo
423 3870 579 3937 interdum
602 3883 635 3935 et
664 3872 695 3936 hi
718 3871 772 3955 ipss
796 3873 966 3951 innostro.
1002 3894 1066 3957 quo
1088 3890 1145 3934 no·

181 3960 266 4022 mine
282 3955 368 4022 Plato
382 3976 508 4045 quoque
526 3960 611 4023 veuit
632 3960 712 4040 apud
731 3958 860 4026 Arillot.
884 3963 922 4023 de
936 3961 1013 4043 Rep.
1029 3980 1055 4040 p.
1069 3974 1142 4038 449.
