2542 5146
128 651 208 756 44¹6
513 647 803 684 tm

123 856 175 919 ,ne
203 830 416 933 quidquam,
448 835 551 934 quod
574 833 709 913 Vestris
738 841 834 916 votis
860 841 1104 945 consiliisque
1119 870 1175 923 nun

125 946 360 1045 respondeat,
388 947 628 1048 suscipiamus.
686 948 772 1030 Hoc
792 953 900 1032 saniii
918 955 1080 1049 Manes,
1113 963 1176 1038 iuro

119 1084 196 1160 ¹pro
224 1059 411 1149 meshoc
434 1085 505 1163 pto
528 1062 606 1151 his,
648 1067 713 1162 qui
737 1090 795 1142 me
827 1068 1006 1158 audiunt,
1046 1077 1113 1173 qui
1133 1100 1176 1151 mr

123 1173 269 1267 vident3
303 1188 413 1273 caput
443 1199 567 1251 meum
586 1176 812 1278 domumque
843 1205 987 1276 meam,
1025 1184 1054 1264 ii
1079 1186 1175 1267 sciens

122 1285 407 1376 fefelle10,irae
433 1284 580 1365 Vestrae
606 1290 774 1368 sacratam
800 1293 899 1372 volu.
1205 1237 1215 1383 i

233 1505 316 1585 Vos
354 1521 498 1599 autem3
548 1502 785 1585 flo'rentiffimi
816 1507 1000 1604 quenes,
1050 1545 1077 1597 ο
1103 1546 1169 1600 cun
1210 1523 1214 1600 i

119 1622 260 1711 nostra,
290 1622 480 1720 quondam
505 1619 759 1698 Mvucurrvsn
782 1647 868 1701 cura
893 1641 931 1702 et
953 1653 1084 1723 amor,
1112 1641 1168 1711 ani·
1209 1629 1212 1745 J

119 1739 189 1814 mis
222 1734 344 1811 vestris
376 1733 456 1811 Viri
482 1735 697 1811 immortalis
727 1759 864 1814 nomen
894 1740 939 1817 ad
964 1761 1168 1846 perpetuam
1203 1807 1206 1818 .

118 1851 334 1931 memoriam
375 1847 535 1946 infigite,
588 1870 728 1946 vosque
765 1853 814 1926 ita
856 1849 1083 1951 affuefacite,
1130 1881 1166 1951 vt
1207 1875 1209 1899 ¹

119 1965 413 2064 quotiescunque
452 1960 749 2038 Mvucunvsrvu
801 1988 940 2043 nomen
990 1973 1038 2049 ad
1080 1999 1168 2053 aures
1205 2047 1207 2059 .

116 2077 248 2155 vestras
278 2075 470 2162 acciderit,
524 2087 699 2174 tanquam
748 2076 794 2152 ad
835 2085 979 2178 paterni
1019 2094 1167 2165 nominis

115 2188 365 2264 autioritatem
387 2187 499 2263 tatius
524 2191 726 2265 reuerentia
748 2213 790 2271 ac
817 2194 952 2292 pietate
976 2202 1122 2279 animus
1141 2205 1166 2280 ie

113 2302 159 2376 ad
190 2302 351 2377 seueram
376 2303 547 2378 virtutem
574 2317 783 2404 componat.
860 2306 1058 2410 Quicquid
1080 2320 1165 2394 enim
1207 2361 1208 2364 κ

114 2412 280 2513 Georgia
309 2412 467 2512 Augusta
506 2413 633 2501 habet,
688 2417 810 2495 vestris
848 2420 967 2499 vfibus
1006 2447 1164 2527 paratum

113 2528 296 2626 vobisque
319 2528 557 2615 irutiuosum,
587 2551 681 2627 quae
697 2530 935 2624 adminicula,
949 2559 1056 2637 ¹quas
1075 2569 1163 2643 opes,
1204 2532 1214 2611 i

113 2641 297 2718 doiirinae
329 2642 478 2738 copias,
528 2641 624 2740 ipsos
659 2643 854 2735 doiiores,
901 2671 998 2749 quos
1032 2664 1162 2747 amatis,

112 2757 237 2830 omnia
250 2755 340 2830 haec
357 2755 436 2852 post
452 2750 527 2831 Dei
544 2749 591 2832 Ο.
608 2752 663 2832 Μ.
680 2757 971 2855 prouidentiam,
997 2765 1162 2870 Regiam.

110 2889 184 2965 que
212 2866 518 2953 munificentiam,
573 2866 681 2945 huius
709 2867 789 2946 Viri
815 2875 1033 2957 immortalis
1064 2908 1162 2965 curae

108 2980 231 3058 debita
252 2997 487 3057 mementote.
546 2977 676 3080 ltaque
699 2979 784 3060 Eius
800 2992 1017 3070 memoriam
1037 3002 1160 3077 animis

108 3095 229 3170 vestris
255 3092 370 3170 santie
397 3093 528 3184 colite,
570 3094 616 3170 ad
646 3093 759 3172 seram
788 3100 1034 3197 posteritatem
1066 3130 1161 3211 grata

104 3207 239 3306 pietate
262 3206 537 3297 commendate,
574 3203 663 3285 Eius
688 3209 953 3295 immortalitati
976 3220 1109 3303 fauete.

398 3425 516 3518 Hauc
546 3425 677 3540 sanim
717 3435 899 3555 animal·
