2542 5146
149 626 258 720 428¹
549 640 822 658 ....„......

149 771 404 882 praerogatiua
435 793 528 870 erat,
574 780 704 860 finon
740 806 917 880 magnae,
963 797 1073 865 certe
1101 788 1217 880 bonae

149 909 188 971 et
211 894 478 972 lllvncrurvsro
521 917 599 971 non
634 894 851 996 displicuisse
889 922 966 998 pro
1001 903 1217 1000 praeiudicio

146 1007 247 1108 apud
272 1032 443 1119 magnam
465 1009 683 1088 Germaniae
709 1025 849 1110 partem
875 1012 1107 1092 habebatur.
1166 1017 1217 1095 sel

147 1125 265 1200 mein
288 1122 415 1201 locum
438 1121 600 1201 incidisse
626 1122 743 1202 sentio
767 1124 976 1216 lubricum,
1018 1145 1060 1206 et
1088 1133 1134 1207 in
1159 1154 1240 1231 qnox

144 1235 221 1314 fine
247 1234 449 1316 offensione
473 1261 550 1316 non
573 1238 691 1316 facile·
706 1241 880 1339 progredi
903 1240 1031 1318 liceat
1106 1243 1217 1346 Itaque

145 1351 242 1428 illud
265 1353 380 1430 modo
403 1356 600 1452 attingam,
641 1351 667 1428 fi
691 1353 783 1453 quid
803 1354 927 1443 aliud,
962 1355 1115 1436 hocin
1141 1358 1216 1436 Viro
1241 1396 1246 1401 ¹

146 1465 241 1542 illud
266 1466 479 1545 admirabile
509 1462 627 1555 fuisse,
676 1490 784 1557 cunr,
820 1471 864 1545 iis
894 1475 1164 1569 temporibus,
1190 1478 1216 1549 in
1243 1501 1250 1574 ‘¹

146 1598 244 1680 quae
274 1599 371 1659 aetas
403 1585 479 1659 eins
519 1580 692 1657 iuuenilis
723 1597 760 1659 et
785 1580 976 1682 disciplina
1017 1588 1247 1664 academica

145 1695 343 1784 inciderat,
376 1695 491 1773 multa
515 1694 720 1772 litterarum
735 1695 1072 1796 etdisciplinarum
1096 1726 1217 1802 genera

145 1831 195 1885 ne
218 1812 370 1886 nomine
394 1811 546 1910 quidem
571 1816 661 1885 nota
683 1807 814 1899 essent,
860 1811 1076 1891 studiorum
1107 1832 1217 1892 auten

143 1922 290 2000 cursum
308 1922 382 2025 ipse
408 1921 576 2000 tenuisset
597 1947 703 2013 eum,
738 1948 816 2024 quo
844 1949 910 2024 per
933 1923 1033 2004 luris
1070 1931 1219 2031 discipli·

145 2060 216 2114 nae
239 2040 335 2113 viam
357 2041 495 2136 regiam
519 2031 566 2113 an
584 2036 749 2114 semitam
770 2040 959 2137 angustam
983 2041 1141 2120 dicam?
1183 2045 1219 2121 ad
1251 2074 1256 2142 s

143 2150 285 2228 summa
322 2154 410 2251 reip.
439 2174 592 2228 munera
624 2165 662 2229 et
689 2151 852 2230 honores
880 2157 1155 2248 contenderet,
1188 2174 1219 2234 vt
1251 2180 1263 2305 p

142 2277 268 2342 tamma
291 2287 370 2369 non
392 2268 500 2342 vnius
522 2265 732 2367 disciplinae
755 2271 909 2344 vniusue
932 2274 1088 2366 generis
1112 2297 1219 2371 angu-
1260 2225 1267 2339 l

140 2379 216 2456 stiis
234 2393 397 2457 mentem
415 2380 534 2472 suam,
568 2379 719 2457 consilia
744 2394 781 2457 et
798 2405 922 2470 curas,
958 2384 1111 2462 includi
1138 2386 1218 2463 srne·

140 2508 207 2594 ret.
256 2493 360 2589 Quin
378 2495 443 2570 ille
457 2494 553 2570 nulli
569 2494 771 2572 litterarum
786 2500 913 2594 generi
933 2495 1073 2601 defuit3
1104 2507 1218 2577 omni·

139 2609 212 2685 bus
239 2609 403 2709 prouidit
430 2608 647 2706 liberaliter;
699 2611 908 2686 vniuerlnm
940 2609 1217 2712 disciplinarum

141 2726 323 2802 ambitum
344 2745 482 2823 magno
504 2723 569 2800 sno
592 2722 738 2823 pectore
756 2727 874 2825 cepit,
913 2747 999 2802 cura
1023 2741 1064 2803 et
1093 2752 1216 2806 amore

138 2852 296 2941 paterno
322 2836 542 2939 complexus
572 2838 631 2914 est.

254 3002 376 3107 Atque
405 3005 479 3095 hoc
504 3005 620 3082 fateor
647 3007 768 3106 primo
792 3004 838 3081 ad
862 3003 959 3082 hanc
979 3004 1216 3086 Academiam

139 3118 280 3198 accessu
312 3118 519 3197 incredibili
547 3143 615 3212 me
643 3118 833 3219 voluptate
863 3118 1083 3220 perfudisse,
1131 3148 1214 3200 cum

138 3231 276 3311 Virum
299 3234 377 3310 aliis
410 3233 520 3333 plane
553 3235 672 3333 iisque
710 3234 831 3324 multo
854 3236 1092 3332 grauioribus
1119 3241 1213 3315 curis

138 3361 177 3427 et
193 3351 351 3448 negotiis
368 3347 609 3447 implicitum,
647 3347 794 3424 diuersas
818 3346 963 3447 prorsus
988 3349 1033 3424 ab
1058 3352 1213 3427 ineunte

129 3465 255 3538 'aetate
276 3462 400 3539 studiis
416 3464 654 3551 innutritum,
690 3476 813 3537 tamen
839 3462 1001 3538 viderem
1021 3462 1213 3542 historiam

136 3577 365 3665 litterariam,
394 3575 659 3676 elegantiorem
678 3576 935 3665 litteraturam,
973 3576 1213 3656 humanitatis

137 3691 352 3775 dotlrinam
370 3688 556 3766 uniuersae
568 3692 794 3791 antiquitatis
811 3692 963 3789 eiusque
983 3714 1213 3770 monumen·

134 3819 260 3882 torum
279 3803 438 3882 studium
453 3805 621 3905 probare,
653 3818 726 3880 tarn
742 3805 981 3902 diligentibus
998 3805 1091 3882 mihi
1106 3832 1210 3886 com-

135 3919 311 3997 mendare
331 3920 471 4007 verbis,
504 3933 580 3995 tam
606 3918 735 3996 diserte
766 3917 812 3995 de
837 3920 915 3994 eius
939 3942 1024 3997 vera
1049 3924 1211 4013 ratione,

131 4033 348 4136 'traslatione
363 4045 400 4110 et
420 4032 592 4121 vtilitate,
622 4056 785 4110 monere.

245 4198 318 4279 Sed
346 4223 458 4301 quarn
479 4198 610 4277 subtile
629 4196 718 4278 Eius
741 4201 781 4301 in
803 4197 1043 4276 diuerfiffimis
1070 4201 1213 4283 littera·

134 4337 218 4392 rum
237 4327 275 4391 et
292 4315 541 4394 doctrinarum
555 4317 753 4416 generibus
777 4311 864 4393 esset
885 4314 1082 4407 iudicium,
1123 4344 1213 4396 nus-

1094 4455 1211 4533 quam
