2550 5108
136 622 214 720 376
528 604 813 661 m

135 806 258 872 tamen
289 791 509 883 abeodem,
540 791 600 870 sed
616 791 722 868 simili
751 805 842 890 typo
862 766 1055 894 profcffa:
1089 805 1132 867 st
1148 787 1220 889 plu·

136 930 194 986 res
215 930 257 985 ac
274 907 432 986 diuersas
456 911 625 985 matrices
646 907 690 982 ad
713 908 867 982 eandem
895 906 1069 1009 formam
1099 930 1144 983 ac
1166 905 1219 982 de·

135 1021 374 1123 scriptionem
397 1021 505 1103 fatias
530 1019 600 1100 ene
618 1035 797 1123 appareat„

249 1200 328 1278 Vn.
360 1201 481 1300 Caput
508 1198 692 1300 Apollinis
715 1196 919 1272 laureatum
955 1210 997 1254 ·-·-
1051 1191 1221 1268 Colonnr

137 1333 249 1409 agens
266 1313 383 1388 boues
402 1309 671 1392 ianuarino.
692 1305 898 1391 CAESAR.
960 1303 1102 1383 Caesar
1119 1304 1221 1383 Oda-

138 1427 267 1503 viarius
298 1427 363 1507 sub
386 1451 416 1502 a.
438 1450 515 1526 725
554 1427 815 1524 Carthaginem
839 1419 1046 1500 Coloniam
1076 1446 1099 1496 a
1125 1418 1222 1521 Julio

138 1539 287 1619 Caesare
312 1540 504 1624 dedustaru
527 1542 637 1623 nouis
657 1533 805 1620 edonis
825 1534 1053 1615 firnaauerat.
1084 1532 1220 1613 Marcii

139 1652 324 1743 Mna,
455 1670 456 1674 '

254 1823 350 1900 Vlll.
383 1824 504 1923 Caput
525 1823 584 1901 dei
601 1819 800 1922 Triumphi
827 1820 1117 1906 cincinnatum,
1150 1817 1223 1893 lau-

139 1949 301 2026 reatum,
329 1935 476 2014 alatum.
536 1937 733 2015 Aceruiee
752 1933 909 2012 tridens:
942 1932 1009 2032 qui
1030 1933 1225 2009 vitiorium

140 2049 311 2129 naualem
334 2050 522 2149 defignare
538 2050 694 2131 videtur.
752 2044 881 2128 Affisia
897 2060 984 2124 nota
1004 2044 1223 2134 monetalis¹

142 2184 256 2263 quam
272 2165 445 2242 incudem
464 2162 533 2243 effe
555 2167 773 2243 arbitramur
805 2195 845 2236 :
875 2160 1034 2237 uictoria
1060 2164 1104 2237 in
1133 2183 1223 2260 qua-

141 2275 278 2375 drigis,
328 2277 432 2354 laeua
464 2277 644 2367 habenas,
692 2277 821 2356 dextra
855 2273 1039 2353 corollam
1072 2291 1219 2351 tenens.

140 2390 319 2490 Apponta
349 2389 518 2468 officinae
543 2396 768 2471 monetariae
788 2405 878 2469 nota
894 2384 975 2469 NE.
1036 2387 1220 2468 Inferius:

142 2500 185 2586 L.
204 2503 375 2590 IVLIVS
401 2504 596 2586 RVRSIO.
643 2503 778 2583 Morta.
796 2518 822 2582 t.
834 2506 904 2591 IX,
935 2528 992 2580 ιο.
1034 2504 1105 2603 qui
1135 2511 1221 2582 Car-

141 2619 293 2718 thagine
316 2622 436 2697 diruta
462 2622 506 2699 ad
537 2619 716 2720 triumphi
738 2621 903 2701 Africani
926 2617 1029 2696 usum
1054 2616 1130 2696 hos
1154 2642 1223 2698 nu·

140 2757 223 2813 mos
243 2733 349 2812 cusos
375 2732 445 2816 ene
471 2734 678 2840 suspicatur.

256 2929 414 3015 lVNIA.
471 2937 501 3014 Ι.
534 2937 657 3034 Caput
681 2932 826 3013 Seruilii
853 2929 1002 3010 Ahalae.
1033 2929 1217 3014 Annia

143 3056 184 3122 '::
224 3046 345 3146 Caput
363 3054 406 3131 L.
425 3046 528 3154 Junii
556 3046 669 3128 Bruti.
713 3044 922 3127 BRVTVS
966 3048 1107 3128 Moretl.
1123 3050 1162 3133 I.
1187 3074 1217 3127 r.

141 3162 352 3261 Vtrumque
369 3178 481 3265 caput
498 3164 698 3242 barbatum.
759 3162 930 3261 Signatus
947 3186 1104 3251 numus,
1136 3162 1221 3240 satis

141 3274 342 3376 frequens,
383 3296 402 3355 a
432 3276 487 3358 Μ.
508 3275 624 3382 Junio
647 3273 780 3366 Bruto,
826 3272 916 3381 Julii
948 3272 1112 3353 Caesaris
1134 3301 1220 3377 per-

143 3386 302 3476 cursore,
345 3394 410 3489 qui
431 3406 627 3493 paternum
648 3415 767 3490 genus
786 3391 831 3466 ad
859 3385 1011 3467 Brutum
1035 3389 1222 3468 libertatis

141 3498 331 3581 Romanae
351 3505 535 3582 annornm
558 3506 748 3594 referebat,
777 3528 843 3605 per
858 3521 1011 3583 matrem
1031 3526 1123 3579 vero
1139 3505 1223 3581 Ser·

142 3615 267 3694 viliam
288 3617 487 3697 Seruilium
514 3618 670 3698 Ahalam
693 3623 788 3698 inter
803 3622 959 3702 maiores
987 3621 1219 3696 numerabat

256 3786 302 3864 ΙΙ.
314 3788 434 3885 Caput
452 3786 540 3867 deae
557 3784 763 3865 Libertatis.
794 3781 1045 3865 LIBERTAS.
1064 3788 1220 3869 :Con-

141 3896 197 3980 sul
223 3900 319 3980 inter
345 3901 422 3979 duo
448 3899 592 3978 litiores
619 3923 704 3978 cum
732 3898 886 3977 fascibus
911 3912 948 3978 et
973 3899 1088 3974 securi
1113 3901 1219 3977 iace·

142 4008 264 4102 dens‘,'
300 4027 502 4114 praeeunte
531 4013 696 4092 accenso.
740 4010 950 4092 BRVTVS.
1035 4007 1217 4093 Eiusdem

139 4124 262 4215 Bruti,
306 4131 371 4230 qni
392 4131 553 4227 primurn
573 4126 712 4205 Consul
738 4126 828 4218 fuit,
864 4129 1082 4207 memoriam
1108 4150 1216 4207 reco-

139 4240 212 4322 luit
225 4240 427 4349 M.Jurrius
449 4239 592 4324 Brutus.
624 4236 751 4324 ibina

1149 4440 1217 4520 ΙΙΙ.
