2542 4942
417 606 707 643 --·-
1051 655 1096 726 η

40 794 262 870 scribebantur
284 789 329 865 in
358 788 490 887 paruis
516 788 744 879 ciuitatibus,
788 814 867 868 non
890 794 930 870 in
947 800 1100 896 magnis

42 912 131 1006 regnis
144 920 185 983 et
201 904 403 1003 imperiis3
436 905 475 976 in
493 899 632 977 summa
649 905 744 979 vitae
765 903 1011 1006 simplicitate,
1043 936 1100 987 re-

11 1011 16 1084 ?
42 1047 97 1097 rum
114 1036 150 1098 et
177 1020 434 1118 negotiorum
457 1017 555 1092 curis
580 1017 749 1093 nondum
782 1022 831 1095 ita
856 1023 1041 1120 inlpedltis
1061 1041 1100 1102 et

42 1137 209 1234 implexis,
247 1149 292 1208 ut
315 1131 630 1209 commerciorum
656 1134 847 1210 crebritate
869 1149 906 1210 et
926 1141 1097 1216 varietate

42 1251 164 1326 suborta
182 1246 344 1340 sadum3
374 1243 579 1343 etquidem
606 1245 749 1321 ciuibus
768 1248 912 1346 aequali
926 1249 1094 1329 libertate

12 1345 22 1428 i
43 1367 222 1452 uentibus,
253 1362 395 1462 quibus
411 1356 673 1456 legumlatores
691 1384 767 1436 non
783 1360 839 1448 id,
867 1364 969 1461 quod
987 1369 1093 1442 vnius

11 1480 86 1569 geel
106 1498 316 1577 paucorum
343 1473 559 1550 utilitatibus
584 1471 869 1551 consentaneum
900 1474 1001 1566 esset,
1044 1503 1093 1556 ex

47 1595 180 1691 inperio
197 1592 416 1687 iniungere,
443 1585 504 1661 sed
521 1604 641 1661 rerum
666 1591 814 1665 veritate
839 1604 877 1665 et
897 1594 1092 1688 aequitate,

14 1738 15 1741 ι
47 1707 233 1805 republica
253 1703 300 1778 ad
315 1724 446 1778 omnes
462 1715 499 1776 et
514 1698 676 1798 singulos
692 1703 856 1793 utilitate,
883 1702 986 1802 leges
1013 1707 1093 1781 suas

10 1874 14 1884 r
47 1822 231 1919 approbare
248 1817 442 1893 debebant.
481 1813 735 1914 Sequebantur
749 1838 864 1915 porro
885 1840 966 1893 eam
981 1821 1092 1895 ratio-

14 1904 22 1962 ἒ
46 1957 115 2009 nem
138 1949 282 2009 veteres
301 1929 584 2029 legumlatores,
622 1944 661 2004 vt
683 1953 761 2004 non
789 1931 905 2007 niodo
928 1930 1092 2009 facinora

45 2071 76 2122 ac
98 2048 245 2130 scelera.
291 2048 331 2120 in
357 2067 451 2144 quae
476 2042 673 2119 hominum
697 2044 846 2120 audacia
868 2044 929 2121 vel
952 2046 1091 2123 malitia

45 2185 218 2258 erumpere
232 2158 338 2247 solet,
365 2159 495 2257 poenis
512 2155 704 2255 propositis
721 2157 1006 2257 compescerent,
1030 2185 1091 2237 ve-

46 2300 110 2350 rum
126 2291 163 2349 vt
178 2274 292 2374 ipsam
315 2270 416 2350 illam
432 2272 617 2347 audaciam
642 2294 685 2349 ac
701 2273 878 2348 malitiam
892 2295 941 2348 ex
958 2276 1089 2376 animis

48 2391 164 2492 ciuium
188 2387 395 2464 euellerent
409 2401 446 2462 et
470 2387 712 2484 extirparent,
754 2387 941 2485 publicam
965 2400 1088 2465 autem

11 2526 12 2529 ‘
46 2507 282 2601 priuatamque
298 2503 470 2576 virtutem
488 2499 733 2576 infunderent.
794 2500 920 2594 Quam
948 2502 1087 2580 adrem

9 2616 11 2624 ‘'
49 2616 108 2692 duo
128 2618 161 2694 se
189 2617 326 2693 habere
347 2616 526 2715 putabant
544 2612 747 2712 grauislima
772 2611 946 2713 praesidia
970 2640 1087 2715 eaque

48 2733 74 2804 in
87 2732 153 2830 ipsa
184 2731 382 2808 hominum
407 2744 535 2804 natura
556 2727 729 2814 sundere,
769 2729 974 2828 inquibus
1008 2745 1087 2806 tan-

47 2867 136 2942 quam
163 2847 309 2922 ancoris
332 2858 409 2921 tota
440 2843 546 2917 staret
569 2863 664 2940 resp.
693 2841 849 2920 alterum
872 2845 1087 2921 nutritionis

47 2961 332 3046 seducamus,
367 2958 495 3056 legum
515 2955 736 3055 praescripto
759 2953 930 3033 delinitae
950 2973 987 3035 et
1010 2983 1087 3035 ma·
1136 2956 1141 2963 ’

44 3075 189 3170 gislratus
209 3073 415 3172 cognitioni
430 3086 467 3146 et
483 3068 698 3170 inspeslionl
715 3069 901 3161 sublestae,
918 3070 1086 3161 alterum,

36 3189 128 3286 ¹quod
157 3186 232 3287 ipsa
257 3188 320 3262 illa
338 3186 563 3263 educationis
589 3182 778 3282 disciplina
805 3181 979 3273 efficitur,
1018 3211 1088 3287 pu·

42 3301 112 3377 blici
134 3303 399 3399 domesticique
422 3297 602 3398 exempli,
635 3313 671 3372 et
691 3300 835 3373 virtutis
863 3315 974 3399 atque
993 3302 1087 3378 inte·

38 3420 161 3512 gritatis
178 3415 340 3516 publicis
361 3413 559 3490 decoribus
582 3426 620 3487 et
648 3413 874 3488 ornamentis
900 3413 1089 3490 honoran-

38 3531 89 3606 dae
108 3536 168 3623 b).
230 3527 379 3621 Quibus
401 3526 483 3626 ipsis
509 3527 618 3601 rebus
641 3524 812 3602 effetlum
832 3526 882 3602 est
904 3526 997 3614 hoc,
1035 3540 1087 3615 vt,

35 3642 339 3743 quemadmodum
350 3643 469 3717 nostra
486 3653 582 3717 aetas
602 3642 643 3714 in
663 3640 838 3716 omnibus
852 3638 959 3715 facile
974 3640 1088 3715 rebus

32 3758 229 3846 antecellit,
272 3779 367 3855 quae
393 3755 438 3831 ad
455 3753 709 3853 disputationis
726 3751 963 3830 subtilitatem
985 3751 1088 3828 suere

30 3873 223 3961 terrene,
262 3873 313 3947 ita
346 3871 542 3970 antiquitas
572 3866 674 3946 frtris
708 3880 744 3941 et
776 3867 850 3940 vita
882 3864 1085 3965 praestaret.

1008 3975 1090 4052 Nisi

60 4144 93 4225 b)
117 4141 312 4225 Pythagoras
329 4151 457 4222 rogatus
477 4161 495 4203 a
514 4135 695 4219 Xenophilo
714 4133 873 4216 quomodo
887 4131 987 4196 sillum
1008 4136 1091 4212 opti

131 4250 182 4288 me
204 4226 398 4286 institueret
433 4227 460 4285 sl
479 4224 594 4291 πόλεις
621 4220 834 4295 εὐνομουμένης
860 4213 1077 4295 scandulum
1049 4213 1088 4299 fi,

35 4365 37 4370 .
126 4312 254 4458 mppr,
258 4308 482 4466 ὖιιιιῖιιιιιιιὺιι
427 4329 442 4371 ι
415 4305 682 4401 tionislegibus
693 4301 828 4397 instituta
846 4301 970 4362 ιιὶκιιὶτ.
965 4297 1112 4391 Dio&-

917 4587 1030 4602 ’““·ψο··

902 4605 919 4615 -
