2550 5108
456 281 740 338 em
1054 330 1132 403 319

1 526 4 536 2
55 470 156 555 illis.
192 458 330 571 quibus
357 483 433 545 erat
457 470 648 560 destinata,
675 471 875 560 satisfacele
893 479 1035 576 potuis
1065 481 1140 560 stu.
1244 509 1246 511 ·

59 583 173 661 diosrs
191 599 315 663 tamen
342 581 506 672 lorium,
536 609 697 683 quorum
716 588 830 665 studia
850 593 888 665 in
913 590 981 669 hac
996 592 1135 672 Acade-

5 773 14 777 -
58 702 155 788 mia,
183 698 212 775 fi
235 721 309 798 qua
326 698 411 787 alia,
441 699 582 774 feruere
602 700 796 791 videntur,
824 728 900 780 rem
916 731 994 784 non
1012 711 1135 808 ingra-

61 828 139 891 tam
166 838 234 891 nos
251 811 407 889 faduros
425 809 493 888 elle
511 816 732 911 putauimus,
766 814 792 893 sr
810 822 1039 900 notationem
1053 827 1132 902 eius

63 928 203 1006 codicis
223 927 391 1034 daremus
409 927 537 1026 paullo
554 927 733 1006 exodiore
750 944 787 1006 et
803 937 984 1031 curatiore
999 960 1131 1037 opera3

62 1045 232 1143 inprimis
249 1066 336 1119 cum
354 1038 447 1117 Iuris
471 1039 679 1119 Iustinianei
701 1047 831 1121 notitia
846 1048 1016 1148 vulgaris
1043 1076 1134 1184 qua·

64 1159 139 1234 lem
158 1181 203 1234 ex
228 1149 354 1244 editis,
390 1178 481 1255 quas
503 1178 602 1231 nunc
620 1156 757 1233 versare
778 1158 897 1237 solent
926 1163 1022 1240 dodi
1049 1169 1139 1257 viri,-

62 1274 237 1349 haurire
227 1297 266 1346 rn
284 1283 434 1369 promtu
450 1270 510 1357 est,
529 1268 669 1346 aditum
684 1271 730 1347 ad
745 1296 831 1349 eum
846 1276 1013 1354 codicem
1027 1282 1132 1358 euol·
1142 1321 1146 1327 ’

62 1388 227 1464 vendum
248 1409 326 1462 non
353 1384 434 1460 satis
459 1385 610 1459 muniat.

174 1605 337 1684 Primum
360 1600 511 1703 quidem
539 1604 708 1679 omnium
729 1603 932 1682 tenendum
951 1605 1010 1696 eli,
1048 1604 1132 1684 Cor·

53 1750 125 1829 pru
150 1723 237 1798 Iuris
257 1715 430 1822 gloffolunz
468 1717 636 1816 quinque
666 1714 932 1796 Voluminibus
963 1743 1131 1820 compre-

60 1836 215 1915 hensum
235 1832 322 1926 elle3
348 1831 393 1908 de
414 1830 516 1906 sexto
537 1831 641 1929 quod
658 1830 816 1909 seorsum
832 1833 1044 1911 habendum
1066 1836 1127 1926 est,

58 1952 269 2050 singulatim
297 1948 473 2053 dicemus.
550 1942 629 2020 Iam
659 1941 826 2045 Corpora
852 1944 947 2024 Iuris
978 1947 1130 2047 gloriata

57 2091 141 2144 non
170 2067 215 2142 ab
240 2062 436 2147 Institutis,
481 2056 541 2134 sed
571 2054 768 2158 aDigestis
795 2064 943 2138 initium
967 2064 1127 2158 iaciuut3

59 2182 231 2279 adeoque
261 2173 461 2275 digerenda
481 2186 589 2280 ‘erant
619 2170 823 2251 Volumina
854 2175 956 2252 hunc
983 2179 1022 2251 iu
1046 2203 1128 2254 mo-

59 2297 173 2373 dum:
215 2306 255 2368 vt
280 2287 475 2388 Digestum
499 2289 639 2387 priores
669 2301 740 2364 tres
764 2306 887 2366 tomos
917 2289 1126 2380 conficeret,

54 2423 233 2510 quartum
265 2401 396 2482 Codex
431 2402 606 2499 repetitae
638 2402 914 2500 praeleetionis,
951 2400 1127 2503 quintum

57 2525 309 2603 institutiones
337 2541 421 2594 cum
453 2517 570 2591 tribus
596 2516 858 2614 posterioribus
886 2517 989 2594 libris
1014 2515 1127 2595 Codi-

53 2643 130 2727 cis,
161 2635 390 2717 Authenticis
414 2643 450 2705 et
467 2630 613 2706 duobus
633 2627 845 2708 Feudorum
867 2631 981 2707 libris.
1041 2630 1127 2710 Hoc

58 2757 170 2830 etiam
194 2749 324 2826 ordine
348 2743 542 2823 Accurfius
566 2739 713 2843 Corpus
736 2742 830 2822 Iuris
854 2743 970 2844 glolla
995 2747 1128 2823 instru-

1 2965 3 2968 .
57 2871 115 2944 xit
133 2860 192 2965 b).
252 2861 447 2959 Digestum
463 2874 585 2934 autem
606 2860 722 2936 tribus
740 2859 993 2964 voluminibus
1015 2859 1125 2938 solito

57 3006 162 3059 more
182 2973 507 3076 comprehensum,
539 2972 694 3049 diuilirm
713 2971 882 3050 seilicet
872 2999 910 3049 m
936 2987 1041 3060 uetus,
1074 2981 1127 3052 in·

48 3100 230 3200 fortiorum
246 3104 283 3166 et
297 3116 417 3165 nouum
435 3088 624 3188 Digrstum
654 3087 690 3165 h
713 3090 798 3165 ein
817 3091 931 3188 prius,
960 3088 1125 3168 medium

58 3226 94 3288 et
120 3208 297 3309 posterius
322 3202 509 3278 volumen
561 3198 728 3277 Scilicet
753 3202 904 3286 barbare
936 3227 978 3280 ea
1013 3216 1124 3295 aetas,

58 3323 163 3425 quod
177 3325 436 3418 presumeret,
463 3326 574 3396 urus
603 3315 1126 3418 cumqueautlumilludpri
1155 3417 1158 3425 Ι

55 3462 160 3516 mum
181 3432 371 3511 Volunren
400 3445 436 3507 et
456 3427 555 3529 quali
579 3430 860 3511 corroboratum
889 3431 1036 3508 alterius
1066 3455 1125 3509 ac·

55 3545 212 3647 [cellrone
237 3546 350 3624 vellet
376 3546 517 3634 dicere,
547 3544 776 3645 insortiutum,
805 3545 983 3647 quodque
998 3551 1127 3647 postre-

910 3710 913 3717 ‹
1034 3687 1123 3737 mum

55 3856 140 3938 b)
161 3855 210 3920 De
230 3851 398 3933 Gazalopis
420 3847 500 3915 Hist.
522 3848 627 3932 lutpp.
647 3857 680 3913 et
699 3846 862 3914 Gloffator.
906 3846 1011 3914 Minue
1031 3869 1124 3913 accu-

124 4002 127 4007 ,
167 3952 234 4000 rste
255 3939 342 4001 Pane
348 3936 444 3998 roilus
466 3934 504 3995 de
526 3934 617 3997 etms
636 3932 700 3998 LL
721 3932 821 4015 lntpp
846 3951 959 4030 p119.
1001 3935 1124 3999 Accur-

164 4022 241 4086 fium
261 4024 297 4084 ab
319 4019 569 4084 institutionibus
589 4018 795 4100 auspicatum
799 4015 884 4081 dicit
