2520 4950
148 191 212 274 68*
539 165 839 228 a*

98 384 104 403 ’
144 355 258 451 iegnnn
281 348 386 429 verbis
405 377 451 428 an
469 350 541 453 sais
566 344 731 426 cuiuslibet
747 349 937 450 scriptorii.
966 349 1227 430 aiveinana

142 467 368 575 summatim?
415 466 583 566 fuerintne
603 462 677 539 illae
698 454 787 566 ipsae
807 480 888 564 quas
908 464 1069 544 Siobarns
1086 480 1118 544 et
1134 470 1237 545 Dia-

152 583 255 660 aarns
283 581 486 682 senuerant?
542 576 777 676 iegnmantem
805 580 1004 670 exordium,
1041 584 1147 682 quod
1173 584 1228 659 ab

150 699 209 776 his
238 695 414 772 insertum
446 692 519 782 est,
557 694 668 794 saitae
699 696 774 796 ipfir
798 692 938 772 Zaleuci
971 695 1093 792 iegibus
1115 718 1222 798 prae-

142 811 336 918 scriptam?
393 832 441 884 an
463 817 689 903 argumentum
707 806 824 911 saitem
850 813 915 885 einr
939 809 1109 899 habemur,
1146 814 1223 889 aliia·

145 925 255 1005 ‘verbis
279 923 494 1024 conceptam?
531 945 577 997 an
597 922 738 1025 prorsas
757 927 799 1023 est
818 929 1091 1001 commentitiam.⁸
1148 923 1217 1003 Di-

145 1040 316 1119 timenda
346 1039 438 1115 haec
466 1050 589 1126 erant,
632 1048 673 1110 vt
698 1035 878 1128 diximus,
910 1063 1001 1116 >non
1032 1040 1072 1114 in
1101 1064 1214 1116 vnum

141 1153 417 1260 'permiscendat
454 1151 608 1249 alioqui,
635 1150 815 1250 quicquid
832 1148 1003 1243 afferitur,
1028 1166 1067 1230 et
1086 1176 1213 1232 verum

144 1271 189 1351 '‘et
214 1271 343 1349 falsum
376 1263 444 1342 effe
472 1264 599 1365 potest.
641 1320 644 1325 ,

144 1512 148 1522 ¹
264 1486 455 1582 Quamdiu
478 1486 592 1584 igitur
615 1481 696 1580 leges
710 1481 848 1563 Zaleuci
856 1486 1041 1590 snpffitee
1065 1486 1212 1577 fuerint.

148 1601 212 1680 etsi
240 1601 368 1678 diserta
402 1599 592 1677 auctoritas
617 1603 898 1677 commemorari
933 1604 1084 1700 nequit:
1130 1626 1215 1701 pro-

141 1714 317 1792 ·babilitas
345 1727 468 1790 tamen
495 1712 545 1789 est
567 1711 647 1788 satis
672 1736 823 1812 magna,
854 1737 970 1815 nsque
995 1716 1042 1793 ad
1063 1740 1106 1795 ea
1123 1730 1213 1792 tem·

138 1852 257 1929 pora,
295 1830 430 1927 quibus
451 1829 593 1915 vixere,
644 1828 710 1925 qui
735 1850 861 1904 earum
890 1834 1114 1920 meminere,
1155 1852 1211 1906 eae

135 1943 278 2020 durare
300 1939 456 2042 potuisse
480 1954 591 2040 atque
615 1941 722 2016 etiam
748 1939 896 2018 duraffe.

138 2217 142 2222 -
259 2158 467 2263 Locrorum
483 2184 573 2260 opes
589 2159 717 2236 frassae
732 2158 849 2236 sunta
866 2157 1050 2260 Dionysio
1064 2163 1210 2240 iuniore

146 2273 210 2356 Ol.
223 2274 329 2362 CVI,
355 2289 501 2376 nante
518 2272 560 2350 C.
572 2273 620 2351 N.
644 2280 733 2368 356.
809 2272 887 2353 lam
919 2292 1040 2352 autem
1078 2277 1208 2355 eadem

137 2405 259 2470 aetate
284 2391 378 2468 vixit
401 2384 593 2489 Ephorus„
628 2386 837 2464 Aristotelen
862 2403 900 2464 et
924 2387 1208 2488 Theophrastus.

144 2506 183 2585 Si
207 2504 336 2582 fraiiae
364 2504 483 2590 fuere,
515 2527 591 2579 non
615 2503 716 2579 fuere
735 2499 878 2580 euersae
901 2526 957 2578 res
976 2499 1208 2600 Locrorum3

134 2622 261 2715 ¹,immo
288 2642 376 2694 vero
399 2641 445 2694 ex
469 2616 533 2708 illa
552 2617 761 2715 tempestate
787 2615 962 2719 emersere
982 2619 1116 2695 iterum
1131 2617 1208 2697 Lo-

144 2737 196 2811 cri
228 2746 266 2809 et
290 2751 356 2830 per
378 2719 497 2807 'multa
519 2724 660 2806 saecula
678 2728 853 2818 floruere,
891 2745 931 2805 vt
948 2731 1056 2832 nullo
1089 2734 1207 2813 modo

137 2847 302 2924 'dubitari
329 2842 455 2943 pofflt,
485 2859 531 2919 an
553 2839 663 2921 Locri
688 2847 855 2944 antiquas
881 2842 958 2921 suas
976 2845 1077 2944 leges
1095 2852 1207 2926 etiam

137 2948 222 3062 'post
255 2955 428 3057 Dionysii
458 2972 624 3056 tempora
651 2957 790 3034 seruare
822 2961 1032 3059 potuerint;
1091 2962 1206 3062 idque

132 3063 262 3152 ‘multo
292 3073 432 3158 minus,
466 3069 676 3171 fireputes‚
714 3095 814 3177 non,
844 3088 884 3149 vt
903 3069 1066 3174 Lycurgi
1090 3073 1204 3175 leges,

132 3187 204 3266 'ore
229 3185 345 3264 niodo
381 3200 422 3261 ac
444 3188 605 3262 carmine
627 3182 794 3275 traditar,
831 3186 980 3278 verum,
1016 3190 1061 3264 ab
1087 3191 1196 3268 initio

131 3297 279 3392 statim,
322 3299 453 3378 litteris
480 3300 693 3401 perscriptas
721 3318 778 3377 eas
806 3298 920 3377 suiffe.

127 3527 137 3647 ,⁸
250 3532 329 3619 Iam
353 3552 475 3619 autem
502 3559 522 3618 a
545 3543 672 3620 Ioanne
698 3539 865 3647 sanast.
911 3537 1008 3621 inter
1029 3550 1202 3646 excerpta

137 3666 304 3733 veterum
329 3655 548 3757 scriptorum
571 3657 673 3746 loca,
725 3657 899 3759 adscripta
923 3661 1063 3736 exstant
1098 3663 1204 3761 snag-

125 3771 245 3847 'menta
267 3758 371 3866 legam
395 3765 533 3848 Zaleuci
553 3786 590 3847 et
612 3772 805 3848 Charondae
818 3789 888 3849 vna
908 3789 994 3850 cum
1007 3780 1201 3869 provenire

138 3908 218 3962 non
246 3881 425 3963 dissimilia
452 3882 593 3979 inserta
615 3885 698 3962 sunt
720 3882 886 3974 ‚historiis
916 3882 1098 3998 Diodori3
1151 3892 1202 3966 ita

403 4033 407 4039 ·
1075 4052 1081 4062 ·
1166 4018 1205 4079 vt
