2566 4906
442 619 736 683 εει-,ΞΕ
1071 639 1135 731 ⁶9·

3 808 93 871 ιι
111 807 312 902 atrumque
330 808 403 875 aut
427 799 470 874 in
501 799 663 882 eundem
686 801 849 886 fontem,
892 788 958 884 aut
988 802 1028 878 in
1057 824 1123 879 eos

2 893 212 987 incidisse
241 910 384 989 necesse
412 911 472 1003 ut,
518 917 585 1017 qui
610 938 657 991 ex
680 938 755 992 vno
781 915 991 1016 eodemque
1016 913 1130 993 sonte

60 1021 145 1111 haus
128 1025 253 1100 serant„
283 1022 552 1105 DeCharonda
566 1028 640 1112 alio
655 1028 744 1108 loco
763 1029 987 1125 videbimus,
1017 1053 1127 1140 nune:

58 1136 101 1219 de
121 1137 289 1222 Zaleuco
311 1139 588 1240 dispiciendum.
649 1142 767 1241 Quod
789 1144 836 1221 ad
852 1145 953 1244 leges
975 1146 1126 1237 attinet,

61 1251 136 1326 suut
160 1252 244 1329 sane
268 1277 317 1330 ex
346 1259 391 1330 iis
416 1257 639 1346 nonnullae,
691 1279 848 1357 quarum
875 1262 984 1337 etiam
1018 1259 1119 1358 apud

2 1435 3 1441 a
2 1344 145 1446 alios
164 1367 360 1466 scriptores
386 1373 529 1452 mentio
554 1370 604 1453 fit
665 1370 781 1466 Quod
798 1387 920 1456 autern
939 1396 1017 1455 non
1032 1371 1117 1471 ipsis

64 1481 173 1555 verbis
211 1480 366 1566 Zaleuci
398 1487 558 1586 antiquis
593 1483 639 1561 ad
671 1509 741 1561 nos
772 1510 995 1586 peruenere,
1037 1509 1117 1564 ιιοιι

2 1648 3 1685 ,
65 1615 134 1669 earn
154 1597 229 1688 virp
257 1596 392 1677 habere
415 1601 553 1698 potest,
604 1616 642 1673 vt
665 1602 822 1677 omnino
845 1602 1118 1680 commentitiae

2 1686 5 1806 Ι
64 1704 175 1795 sint
198 1709 309 1803 Quot
332 1712 479 1791 tandem
511 1728 574 1789 aut
602 1709 764 1812 Lycurgi
795 1728 857 1805 aut
880 1712 1029 1792 Solonis
1055 1726 1119 1790 aut

2 1831 4 1866 ’
64 1816 198 1919 Regum
223 1838 260 1899 et
274 1820 585 1911 Decemuirorum
603 1825 745 1905 Romae
761 1826 862 1926 leges
886 1825 969 1928 ipsis
987 1850 1118 1904 eorum

6 1937 170 2012 rerbis
192 1936 393 2036 expressae!
438 1944 703 2040 negabimusne
729 1939 801 2016 iliis
832 1943 1032 2043 quicquam
1056 1963 1118 2016 re·

2 2119 5 2150 f
60 2050 163 2148 sitatis
186 2049 321 2134 inette?
376 2051 438 2137 De
465 2055 522 2133 his
545 2057 638 2133 adeo
660 2055 804 2139 videtur
828 2055 1008 2137 satistuto
1029 2078 1117 2154 pro-

2 2162 4 2202 Ι
58 2166 207 2251 nuntiari
224 2164 343 2265 posset
372 2171 445 2248 vim
466 2183 503 2245 et
517 2183 781 2269 argumentum
801 2167 928 2268 legum
947 2192 1026 2245 non
1047 2165 1117 2253 effe

2 2283 356 2381 commentitium,
386 2281 447 2358 sed
463 2306 549 2368 cum
567 2283 637 2361 fide
654 2284 849 2376 traditum;
880 2306 1117 2383 nequaquam

56 2400 167 2468 tamen
201 2394 284 2493 ipsis
312 2394 438 2494 legum
468 2399 606 2488 verbis,
649 2420 811 2505 quorum
834 2400 993 2478 omnino
1020 2395 1115 2479 nihil

2 2469 97 2653 Ιιά
118 2530 187 2583 nos
204 2507 388 2643 perlatum
410 2510 469 2590 est

2 2811 3 2816 Ι
163 2728 262 2822 Quis
298 2704 420 2819 tamen
455 2727 518 2807 iile
556 2726 682 2805 auttor
706 2720 836 2822 fuerit,
882 2756 954 2833 qua
987 2726 1125 2836 aetate,

2 2721 124 2943 fqua
141 2842 215 2929 fide
233 2856 270 2918 et
288 2842 498 2927 auctoritate
517 2842 581 2919 isle
596 2843 717 2932 fuerit,
734 2868 754 2919 e
770 2843 1116 2950 qquo.Stobens1e

56 2955 297 3038 ttDiodorus
323 2981 365 3038 ea
389 2960 545 3062 petiere,
590 2979 683 3055 quae
716 2958 762 3034 ab
788 2963 832 3044 iis
856 2961 987 3044 tradita
1020 2957 1122 3050 sunt,

56 3069 122 3164 hoc
147 3075 188 3151 in
205 3075 348 3153 incerto
371 3072 430 3152 est
490 3070 584 3148 Sane
610 3071 707 3146 inter
739 3074 925 3166 πολιτιιας
952 3087 990 3156 et
1014 3101 1120 3174 vomo-s

54 3183 175 3272 θισιας
193 3184 415 3274 Aristotelis,
446 3183 688 3283 Theophrasti
705 3201 743 3270 et
763 3183 987 3277 Heraclidis,
1015 3186 1119 3285 leges

54 3295 260 3379 Locrorum
283 3298 510 3379 hauddubie
534 3298 637 3374 suere
659 3297 877 3400 adscriptae,
907 3303 970 3380 vix
993 3312 1118 3384 tamen

54 3413 131 3512 ipsis
160 3415 291 3511 legum
327 3414 446 3499 verbis
475 3412 646 3509 antiquis.
733 3411 861 3495 Potuit
893 3416 1003 3496 etiam
1036 3409 1118 3501 eise,

53 3531 115 3627 qui
138 3525 350 3607 Locrorum
364 3524 486 3623 seges,
516 3525 613 3623 sorte
630 3540 666 3602 et
685 3551 761 3616 res,
793 3551 839 3603 ex
857 3525 939 3626 ipsrs
956 3523 1122 3623 Locren-

51 3639 140 3725 fium
168 3640 321 3729 tabulis,
359 3637 564 3738 collegisset
591 3653 627 3715 et
651 3639 825 3742 fingulari
848 3664 961 3745 opere
983 3660 1123 3739 propo-

53 3752 181 3837 suisset„
264 3751 392 3837 Potuit
416 3756 524 3836 etiam
550 3750 638 3842 esse,
681 3757 820 3854 quiex
844 3777 919 3829 vno
943 3753 1121 3841 alteroue‚

55 3853 115 3952 aut
139 3892 188 3945 ex
216 3865 397 3971 pluribus,
430 3890 574 3945 nouum
592 3889 687 3966 opus
713 3864 979 3953 concinnasset,
1022 3878 1124 3973 certq

55 3982 230 4071 confilio,
272 3980 318 4064 ad
341 3979 631 4082 philosophiam,
669 3982 912 4090 inprimisque
931 3978 977 4064 ad
995 3977 1126 4077 legum

53 4095 292 4172 serendarum
300 4097 524 4195 rationem,
558 4107 808 4193 attemperato
878 4090 1038 4185 Quodsr
1061 4091 1126 4185 ille

58 4209 129 4308 ipsa
146 4209 277 4308 legum
294 4209 405 4286 verba
418 4206 517 4284 haud
533 4206 704 4296 reddidit,
733 4206 828 4290 forte
850 4230 918 4284 nec
936 4202 1124 4305 expreffit3

58 4320 82 4398 si
107 4322 217 4422 plura
244 4323 291 4427 dc
314 4321 380 4405 suo
406 4320 564 4407 addidit;
614 4345 692 4402 non
714 4337 840 4402 tamen
862 4321 978 4417 statim
1003 4319 1128 4429 dicen·

532 4422 596 4519 Ε
630 4458 647 4532 3
1046 4422 1128 4511 duc
