2550 4852
396 546 680 604 ·.·..··...··.......····
991 587 1069 658 223

30 735 90 810 ost
106 757 270 836 pugnam
281 733 513 812 Salaminiam
529 733 641 810 sexto.
699 728 934 810 Democratia
948 735 1074 835 itaque

30 851 116 926 beo
141 849 228 926 inde
246 862 412 948 tempore
438 846 486 923 vsi
508 847 611 934 sunt,
649 860 688 923 vt
706 870 752 923 ex
774 848 952 925 Strabone
980 855 1083 948 qu0·'

30 987 83 1062 lue
102 963 244 1040 constat
257 959 323 1060 g),
352 962 396 1041 ad
415 975 577 1038 extrema
598 984 713 1060 usque
740 976 906 1061 tempora
928 959 1082 1040 liberta·

30 1079 58 1154 is
83 1073 243 1153 amissae:
269 1100 355 1152 nam
378 1076 450 1175 ipsa
476 1074 538 1150 illa
564 1073 693 1172 legatis
719 1071 973 1154 Romanorum
991 1077 1076 1156 data

30 1193 144 1268 oncio
168 1191 208 1265 in
230 1190 373 1267 theatro
400 1189 617 1289 popularem
647 1191 803 1266 ciuitatis
834 1190 992 1268 formam
1021 1192 1082 1268 ar·‘

30 1308 107 1394 pit,
137 1303 199 1381 etst
222 1303 476 1403 Magistratum
507 1318 544 1379 et
561 1302 734 1379 Senatum
759 1303 920 1381 habuere
929 1329 940 1399 3
970 1308 1075 1383 cuius

30 1418 220 1496 :onsultum
256 1418 571 1519 (προβούλευμα)
615 1440 711 1516 opus
744 1431 821 1494 erat
854 1417 900 1494 ad
933 1419 1076 1499 bellum

30 1532 253 1621 ciscendum,
299 1544 339 1605 vt
366 1553 412 1606 ex
443 1527 552 1606 Livio
580 1524 718 1625 (Vlll,
739 1530 823 1626 27.)
866 1532 1075 1632 intelligere

30 1651 105 1725 icet
180 1645 264 1723 Nec
294 1659 415 1719 tamen
451 1643 546 1720 male
580 1642 726 1742 legibus
756 1659 794 1721 et
817 1645 988 1723 institutis
1013 1647 1077 1723 de·

30 1762 139 1862 'cripta
162 1762 290 1838 ciuitas
317 1755 386 1834 elle
412 1758 559 1846 debuit,
597 1758 902 1859 quandoquidem
923 1759 968 1836 ad
994 1774 1076 1837 tan-

30 1899 63 1952 ae
92 1899 182 1975 opes
221 1895 423 1973 peruenere
454 1870 670 1960 Tarentini,
730 1888 770 1948 vt
790 1876 902 1958 inter
937 1887 1075 1950 ceteras

30 1988 173 2088 llagnae
195 1986 367 2066 Graeciae
392 1988 556 2062 ciuitates
580 2009 646 2084 per
674 1987 813 2063 multos
833 2010 950 2064 annos
972 1991 1076 2087 prin·

30 2106 173 2202 :ipatum
202 2101 277 2177 sere
311 2114 434 2176 tenere
465 2099 579 2175 videri
611 2097 771 2199 pollent:
815 2126 901 2177 nam
930 2099 1075 2180 classem

30 2220 170 2294 tabuere
202 2228 383 2315 quantum
406 2215 445 2289 in
463 2213 519 2288 his
546 2215 620 2290 oris
645 2237 775 2303 ne1n0,
806 2229 844 2293 et
870 2219 1075 2294 exercitum

30 2332 176 2425 peditum
197 2325 324 2407 XXX
345 2326 400 2403 M.
433 2339 469 2403 et
485 2324 539 2404 ΠΙ
559 2323 613 2402 Μ.
632 2329 800 2425 equitum
813 2322 866 2430 lr).
925 2327 1077 2407 Mento-²

30 2458 89 2522 ratu
115 2445 272 2543 dignum
295 2441 344 2517 est
367 2433 418 2542 ι’),
450 2439 553 2538 quod
585 2441 700 2538 vulgo
724 2445 763 2516 in
784 2442 921 2520 libellis
945 2443 991 2519 de
1017 2444 1075 2520 hi·

30 2555 122 2635 loriis
163 2555 341 2635 Romanis
382 2550 551 2631 omissum
588 2553 773 2645 videmus,
818 2558 973 2657 antiquo
1010 2582 1075 2635 eos

31 2668 155 2749 loedere
169 2665 394 2746 obstrinxisse
405 2665 605 2756 Romanos,
617 2691 663 2742 ne
674 2666 1076 2769 vltrapromontorium

31 2778 203 2863 Lacinium
220 2780 324 2860 clalle
340 2780 549 2858 eueherent.
609 2777 886 2861 Commemorat
902 2783 1075 2864 Aristote-

31 2895 68 2975 les
89 2902 247 2975 instituta
272 2919 402 2973 eorum
421 2894 602 2971 nonnulla
631 2896 676 2973 ad
696 2897 955 2976 democratiam
983 2910 1076 2975 tem·

31 3013 209 3109 parandam
233 3034 275 3088 ac
297 3012 392 3088 bene
408 3005 707 3086 constituendam
720 3011 902 3111 praeclara
918 3009 977 3113 k):
1036 3027 1076 3089 vt

975 3148 1077 3204 enam

56 3320 94 3404 g)
113 3316 224 3385 Strabo
240 3313 295 3381 Vl.
317 3330 431 3397 Μαι).
450 3313 487 3375 Α.
514 3305 665 3390 ‘laxator
693 3314 727 3375 δέ
747 3336 821 3378 τιτι
848 3315 874 3378 as
895 3300 1092 3398 Ταραντῖνοι

122 3398 193 3464 καθ’
207 3396 394 3481 ότιρβιλήν,
415 3394 634 3467 πολιτευόμενοι
653 3396 881 3477 δημοκρατικῶς.
924 3399 1076 3464 Notatum

121 3487 182 3548 lom
206 3482 284 3546 esta
306 3482 380 3545 viria
401 3477 521 3549 docile,
544 3478 593 3541 sed
616 3499 722 3561 parum
746 3485 942 3565 expeditum,
965 3483 1076 3566 Epito-

121 3587 194 3630 men
216 3567 339 3649 legere:
378 3561 678 3643 ιὶριττοιιριιτηθέντος
704 3566 737 3625 lv
764 3567 959 3649 inperpersp.
1013 3566 1075 3633 see

121 3648 247 3714 indocte
267 3647 482 3727 interpolatam
506 3666 572 3708 enm
595 3645 670 3719 elle,
690 3648 855 3712 dicendum
876 3664 951 3723 erar,
972 3653 1075 3724 abeo,

90 3749 94 3755 ·
122 3734 176 3817 qui
205 3731 367 3815 aliquando
387 3729 591 3794 aristocratiae
612 3750 676 3814 rep.
707 3731 777 3796 vsot
804 3731 864 3797 else
886 3730 1076 3797 Tarentino·

119 3815 291 3880 audiuerat.

53 3919 88 4004 lr)
109 3919 221 3986 Strabo
244 3917 267 3981 l.
277 3937 305 3980 c.
317 3917 355 3981 A.
378 3913 444 3998 post
465 3914 573 3984 ι’ττέιις
594 3914 627 3976 δὲ
646 3917 841 3995 τρισχιλίους,
864 3916 947 3982 addit
967 3918 1076 4002 ι’ττοίρ·

121 4024 199 4084 χοιιτ
218 4000 251 4063 δὲ
263 4001 393 4079 χιλίοις.
416 3999 471 4078 qui
491 3999 522 4061 hl
543 3998 613 4072 sant,
635 4018 698 4061 non
718 4000 880 4079 intelligo:
903 4011 1076 4065 turmarum

121 4095 216 4148 duces
238 4085 323 4146 mille
344 4080 403 4145 else
425 4102 488 4148 non
509 4080 641 4161 possunt.
684 4082 734 4145 Αιι
753 4082 815 4145 suit
835 4081 996 4169 singularia
1019 4087 1076 4148 ali·

123 4192 183 4252 qua
207 4189 242 4232 ae
263 4168 423 4248 praecipua
445 4161 568 4227 turma?
697 4223 699 4230 ι

47 4275 85 4355 ι’)
106 4272 240 4353 Appiam
262 4267 372 4350 fragm.
397 4288 446 4349 ap.
474 4264 573 4332 Vrsru.
595 4265 675 4330 Exc.
697 4262 820 4350 Legatt.
844 4284 960 4350 p.344.

45 4373 81 4456 ἂ)
101 4372 230 4438 Aristot.
253 4371 291 4434 de
312 4369 389 4453 Rep.
403 4367 458 4446 Vl,
476 4382 509 4446 5.
