2520 4950
110 209 164 286 72
503 164 788 233 ==

112 361 258 442 Verum
287 374 425 441 temere
451 363 593 439 ruimus
617 363 656 436 in
688 363 914 439 contrarium
942 381 1126 449 errorem,
1158 348 1204 433 fl

113 481 240 558 omnia
257 478 320 554 ilia
346 500 367 552 a
383 476 524 554 falsario
541 473 724 576 suppofita
747 472 996 553 alleueramus.
1057 472 1095 557 Si
1113 469 1198 573 ipsa

116 591 271 674 Zaleuci
293 592 403 671 verba
426 615 503 668 non
521 602 709 673 tenemus,
742 603 779 666 at
799 591 922 688 potuit
948 588 1044 666 fama
1063 587 1195 687 aliqua

113 702 292 807 superesse
315 707 500 815 prooemii
524 703 728 792 aZaleuco
754 718 792 788 et
818 699 1015 787 Charonda
1036 702 1188 810 legibus

115 816 316 926 praemissa,
348 836 503 920 potuere
526 818 740 905 sententiae,
777 821 905 923 potuit
925 830 1191 916 argumentum

117 934 196 1012 eius
221 935 406 1034 prooemii
437 931 611 1021 traditum
643 928 731 1022 eise,
755 1029 758 1040 ι
779 930 961 1032 quodie,
1005 936 1072 1039 qui
1092 927 1187 1011 illud

117 1045 226 1163 ¹quale
249 1070 350 1134 nunc
377 1047 574 1138 habemus,
607 1044 762 1146 scripit,
788 1045 999 1152 sequeretur
1027 1049 1086 1137 *)..

232 1266 351 1371 Quod
376 1265 532 1366 frigitur
555 1267 595 1343 in
611 1266 733 1344 uerbis
755 1289 835 1343 non
859 1268 982 1352 minus
1011 1285 1123 1373 quana
1147 1265 1187 1341 in

118 1383 305 1470 sententiis
330 1380 592 1467 multasunta
617 1379 767 1466 Zaleuci
793 1404 886 1462 aeuo
913 1378 1060 1461 alienae
1093 1375 1187 1459 nihil

118 1497 276 1598 amplius
300 1495 387 1578 inde
405 1493 612 1582 confestum
637 1494 702 1585 est,
731 1517 845 1596 quana
862 1494 1081 1581 verborum,
1106 1492 1190 1591 qui.

119 1612 191 1693 bus
217 1609 308 1694 haec
322 1609 519 1719 perscripta
532 1607 636 1697 sunt,
662 1607 912 1695 austeritatem
927 1605 1090 1692 Zaleuco
1108 1608 1189 1679 vin,

120 1723 234 1809 dicari
259 1746 337 1805 uon
353 1719 463 1822 polle.
538 1720 734 1823 Quantum
758 1721 823 1807 fibi
843 1735 981 1807 veteres
1003 1722 1041 1805 in
1066 1719 1188 1804 verbis

120 1837 280 1933 allorum
316 1836 361 1919 ad
388 1836 487 1923 [uani
514 1838 720 1923 orationem
749 1835 1073 1922 accommodandis
1106 1856 1188 1933 per·

113 1940 281 2039 mittant,
300 1974 347 2035 ex
371 1950 444 2058 ipsa
478 1952 752 2058 comparatione
774 1948 936 2035 Diodori
966 1963 1004 2036 et
1038 1949 1186 2032 Stobaei

121 2065 326 2172 intelligam
360 2078 423 2148 aut
438 2063 537 2150 idem
553 2065 766 2168 exemplum
789 2077 851 2148 aut
867 2063 1035 2169 exempla
1055 2064 1188 2142 eodem

120 2177 226 2284 fonte
251 2177 411 2277 profetia
436 2192 589 2277 vterque
613 2178 696 2263 sunt
720 2179 882 2287 sequuti:
940 2193 976 2254 at
1005 2199 1117 2285 quam
1138 2177 1194 2253 di.

121 2292 222 2373 verse
246 2293 357 2379 abiis
382 2294 608 2381 enuntiatae,
639 2292 761 2368 audlae
786 2292 845 2368 vel
865 2294 1082 2377 imminutae
1108 2291 1192 2375 sunt

120 2395 341 2492 sententiae!
406 2404 537 2500 Quid?
573 2405 676 2505 quod
703 2409 741 2491 in
769 2405 928 2492 Stobaeo
951 2403 1019 2490 elle
1041 2404 1194 2507 possunt

121 2520 306 2606 nonnulla
328 2544 348 2596 a
368 2519 500 2598 seriore
527 2520 802 2620 interpolatore,
824 2521 932 2607 etlam
950 2544 969 2595 a
986 2515 1195 2596 Christiano

122 2632 298 2722 homine,
328 2632 544 2719 intertexta!
599 2631 701 2714 Haec
731 2634 768 2716 et
786 2634 913 2721 fimilia
937 2648 1085 2718 cautum
1109 2633 1195 2712 red.

48 2745 51 2749 ’
121 2749 214 2826 dent
240 2747 415 2824 ledorem
437 2751 476 2824 in
492 2747 663 2847 singulis,
706 2773 785 2826 non
815 2747 905 2827 vero
929 2751 978 2830 ita
1003 2744 1196 2825 labefaila.

121 2861 236 2951 bunt,
283 2875 323 2939 vt
346 2876 468 2940 totum
502 2877 756 2945 commentum
779 2863 942 2940 hominis
967 2861 1195 2944 fraudulenti

121 2988 160 3059 et
182 2974 319 3073 falsarii
354 2991 534 3077 protenus
571 2976 820 3060 obiiciendum
854 2973 923 3059 effe
961 2980 1192 3086 pronuntiet.

111 3113 138 3152 fr
960 3088 964 3110 ²
1068 3090 1208 3194 'Sane'

128 3290 133 3303 ·
162 3266 201 3350 ⁰)
227 3265 458 3334 Warbononm
483 3263 596 3337 Divina
615 3264 827 3353 regaturos
846 3263 949 3350 Moses
980 3263 1193 3338 u.11.s.111.

125 3378 132 3391 ·
235 3371 267 3434 p.
281 3356 340 3418 116
358 3350 422 3496 inp.
446 3350 552 3432 legum
570 3353 661 3414 verba
684 3372 757 3414 cum
778 3363 960 3433 temporum
985 3347 1198 3433 progreffiooa

127 3469 131 3475 -
234 3446 386 3533 mutatae
411 3433 586 3523 eceusebat
608 3434 646 3496 ad
669 3435 829 3534 vulgarem
852 3433 1016 3497 hominum
1036 3432 1121 3499 vium
1136 3433 1198 3497 ser·

233 3527 774 3672 uranuanunm
798 3518 904 3664 aa
917 3515 1199 3666 {tatiani

233 3683 267 3748 in
290 3683 447 3764 uulgarem
470 3684 643 3746 sermonem
666 3684 848 3748 translatum
876 3683 1044 3758 hebernum
1086 3686 1201 3748 eodem

233 3768 379 3913 :illul
399 3766 629 3926 lltlill‘tl
648 3765 1201 3932 illisitllll‘lill‘ilsslzl

233 3932 295 4003 slot
314 3934 388 4007 alia,
414 3954 494 4016 quae
512 3936 573 3996 hoe
596 3933 789 4015 prooemium
813 3942 972 4016 premant,
1000 3935 1144 4017 equidem
1164 3935 1199 4003 lu

235 4017 355 4091 verbim
376 4020 416 4082 de
438 4019 554 4108 quitur
576 4015 675 4085 muta·
690 4019 754 4085 dici
780 4016 924 4105 poliunt,
953 4037 1018 4083 uon
1032 4020 1158 4087 haereo
