710 1313
171 255 226 279 Quae
237 259 282 275 vero
293 255 362 275 canisae
373 255 454 275 Graecos
465 254 574 280 impulerint
585 254 608 274 ad
621 257 650 274 tot

113 289 172 303 nouas
192 285 213 303 in
233 283 285 303 Italia
307 284 357 303 sedes
373 284 460 309 petendas
470 297 475 305 ,
509 283 522 302 ss
541 284 648 308 quaeritur:

112 313 180 338 partim
197 311 220 331 de
238 311 313 337 singulis
331 312 410 332 coloniis
429 318 450 331 ea
466 312 489 331 de
505 318 526 331 re
544 311 649 336 expeditior

113 340 212 365 disputatio
224 340 255 362 est,
264 344 283 359 et
291 341 369 360 videnda
379 341 420 360 sunt
429 346 475 365 quae
486 340 509 359 de
521 341 543 359 iis
555 340 649 365 sigillatim

113 369 159 388 dieta
172 368 223 392 sunt;
251 370 319 394 partim
333 369 416 388 vniuerse
426 369 551 394 quaestionem
565 368 649 388 trac'taui-

112 400 158 416 mus'
166 398 186 416 iu
196 396 359 417 Conunentatione
368 398 388 417 de
395 401 425 417 vet.
439 397 523 417 Coloniar.
533 398 571 417 Iure
579 400 648 416 etcum-

107 427 131 452 fit
148 425 197 451 (sup.
214 426 254 446 Vvl.
262 426 277 446 I.
286 433 305 451 p.
312 430 350 448 296
360 425 403 451 sq.).
432 425 459 445 Vt
467 429 529 445 tamen
540 432 590 445 nunc
600 425 648 445 sum-

110 455 176 474 metim
186 454 257 480 aliquid
266 461 394 480 apponamus3
423 455 550 480 antiquiorum
564 454 648 474 colonia-

110 489 153 502 rum
173 483 303 502 mittendarum
325 483 446 503 necessimtem
471 483 581 508 plerumque
603 483 648 502 fecit

110 517 172 531 nouae
189 512 257 531 sobolis
273 512 359 531 subnatae
378 512 494 537 frequentia,
519 512 550 531 cui
570 511 647 530 alendae

110 546 154 565 ager
168 546 207 560 non
223 540 339 565 suppetebat,
363 540 393 560 seu
407 541 451 565 quia
468 546 491 559 eo
509 539 558 559 in'ter
575 541 646 559 ciuium

110 569 170 594 capita
187 569 245 588 diuiso
265 569 312 588 nihil
333 569 385 594 quod
401 569 456 588 nouis
473 569 545 588 ciuibus
563 568 591 587 ass‘
587 574 646 593 gnari

109 596 168 622 posset
181 597 281 626 supererat
303 597 334 616 seu
347 598 385 623 agri
399 597 499 619 sterilitate,
523 598 565 616 anni
579 598 646 616 intem-

108 627 159 651 perie
170 630 202 645 aut
215 626 249 645 alia
257 620 358 645 calamitate
372 626 450 645 suborta
488 625 571 645 Aliarum
583 630 645 645 autem

109 654 231 677 coloniarum,
245 655 329 680 inprimis
338 653 517 680 postOlympiadum
527 655 584 675 initia,
594 660 646 673 taus-

107 683 134 702 ἰῆς
143 689 152 702 a
161 683 234 702 diffidiis
247 687 265 703 et
273 683 392 703 seditionibus
400 684 495 702 ciuioetum
504 689 538 708 per
548 682 645 702 Graeciam

107 712 227 736 repetendam
239 711 273 731 effe
285 712 400 731 manifestum
407 711 436 734 fit;
461 712 532 731 iuribus
545 712 615 730 ciuium
624 712 644 730 in

107 740 263 760 administratione
275 741 319 766 reip.
329 740 415 765 populari
425 746 463 759 non
473 740 512 759 satis
524 740 555 759 seu
569 746 601 765 per
614 746 645 759 or-

107 769 159 788 dines
172 769 203 788 seu
213 775 246 794 per
253 769 315 794 stirpes
325 772 357 788 aut
364 769 386 788 ad
398 768 472 788 censum
481 768 579 793 descriptis.
610 768 645 788 Fa-

107 797 143 816 fflo
155 798 218 822 itaque
232 797 277 816 viela
287 798 397 822 plerumque
410 797 432 816 ad
445 797 488 816 alias
495 797 545 816 sedes
554 802 645 822 quaeren-

106 826 139 845 das
150 826 303 851 proficiscebatur.
337 825 396 845 Fuere
408 828 469 844 tamen
480 826 535 844 etiam
548 825 643 844 nouanda-

106 860 148 874 rum
157 860 219 874 rerum
227 854 318 877 auderes,
333 855 366 880 qui
378 854 473 879 desperato
484 857 594 879 coeptorum
603 854 643 873 l'uc-

106 882 154 902 cess'u
163 884 220 908 patria
230 883 352 907 discederent;
381 883 416 905 alii,
434 883 467 907 qui
479 883 564 902 fortunae
572 882 641 902 casibus

106 915 162 936 caput
175 912 256 931 obiicere
269 915 287 930 et
296 917 387 931 nouarum
400 915 488 930 terrarum
501 912 641 936 opportunitate

105 939 234 965 circumspeoa
253 940 349 959 meliorem
367 940 434 959 sortem
446 940 541 965 cxpessare
557 939 639 959 mallent.

104 967 133 987 Vt
143 974 187 988 vero
198 969 218 987 in
228 968 299 988 Imliam
311 972 330 987 et
343 968 424 988 Siciliam
436 969 554 993 nauigarent,
583 968 639 991 Asiae,

105 997 160 1016 etiam
169 996 233 1019 Ponti,
248 997 341 1016 littoribus
350 998 386 1016 iam
395 1002 405 1016 a
414 996 488 1016 Graecis
497 997 601 1022 occupatis,
614 996 641 1016 al-

103 1025 160 1044 licere
174 1031 207 1045 eos
215 1025 280 1044 debuit
292 1026 389 1050 prioribus*
397 1026 485 1044 aetatibus
499 1025 584 1044 locorum
597 1025 640 1044 soli-

103 1053 160 1076 tudo,
177 1059 223 1074 mox
230 1055 305 1079 cognita
315 1060 336 1073 ac
344 1054 392 1073 fama
403 1053 494 1073 celebrata
505 1054 554 1073 coeli
566 1054 638 1079 solique

103 1082 186 1105 felicitas,
202 1089 288 1108 agrorum
297 1083 369 1103 vbertas
377 1086 396 1102 et
404 1082 522 1107 popularium
531 1088 555 1101 ex
563 1088 584 1101 ea
592 1088 640 1107 opu-

80 1121 86 1123 —
102 1110 170 1135 lentim
185 1111 217 1131 etfi
225 1111 263 1136 ipsa
271 1110 359 1131 success’us
370 1111 432 1130 fimilis
441 1110 480 1136 spes
487 1112 524 1130 vim
534 1111 556 1130 ad
561 1111 640 1130 aliorum

104 1140 177 1161 animos
191 1139 259 1159 habere
268 1139 346 1159 debuit:
376 1145 415 1165 quo
424 1139 491 1159 facium
503 1140 597 1187 videmup,
613 1143 639 1161 vt,

544 1170 576 1193 pol
585 1174 640 1193 quam

118 218 142 231 10
