2542 5146
545 634 824 652 m

143 635 233 714 434

152 783 256 858 tione
278 775 337 853 vel
363 775 532 853 mandata
566 772 688 873 aliqua
720 793 832 874 opera
865 769 1165 847 contentionem
1182 783 1218 844 'u

153 890 312 970 studium
336 891 519 965 remittere
546 876 725 965 audebat(
771 882 894 962 Huius
917 885 1049 982 itaque
1079 883 1219 960 illustris

154 1003 317 1103 exempli
331 1001 533 1079 austeritati
555 998 613 1077 vel
630 999 788 1076 maxime
806 996 932 1074 deberi
948 995 1098 1085 iudico,
1125 996 1218 1096 quod

153 1115 335 1214 Gottinga
363 1113 558 1191 industriae
581 1126 618 1188 et
643 1112 848 1187 intentioris
871 1108 1031 1185 alicuius
1065 1109 1245 1209 diligen-2

152 1232 226 1306 tiae
249 1227 395 1305 laudem
416 1229 650 1327 praeeipuam
680 1228 793 1324 (quae
821 1225 961 1299 vtinam
978 1220 1049 1322 ipfi
1074 1225 1219 1323 propria

150 1366 195 1420 ac
218 1356 391 1442 perpetua
410 1334 507 1437 titi)
531 1338 665 1415 habere
687 1337 829 1418 dieitur.
889 1334 1093 1434 Quicquid
1114 1339 1219 1424 enim,

153 1454 258 1558 quod
281 1453 437 1553 probes,
468 1449 670 1551 Gottingae
688 1449 757 1540 est,
784 1448 1153 1527 Mvncnnvsrnnvnr
1169 1450 1219 1526 est

193 1774 194 1777 p
262 1675 562 1779 Vigilantisstmae
597 1677 852 1757 Mrncnnvsn
889 1701 997 1755 curae
1034 1676 1220 1759 debemus

153 1794 265 1870 etiam
286 1807 500 1872 ornamenta
515 1791 697 1892 Georgiae
716 1792 895 1891 Augustae
912 1790 1003 1867 haec
1017 1788 1220 1888 singularia

151 1919 216 1981 aut
231 1928 318 1981 cum
331 1908 456 2004 paucis
473 1904 677 1983 Academiis
698 1906 930 1993 communia,
960 1926 1054 2002 quae
1081 1906 1220 2002 partim
1242 1921 1243 1927 ‘

151 2018 198 2094 ad
217 2017 433 2115 dignitatem
456 2033 492 2095 et
504 2018 752 2096 austoritatem
773 2018 932 2095 nostram
948 2016 1111 2104 faciunt,
1139 2041 1220 2116 par·
1242 2038 1245 2070 1

151 2132 221 2217 tim
245 2129 454 2208 adiumenta
479 2144 517 2227 et
535 2129 708 2232 praesidia
732 2132 926 2208 industriae
955 2128 1104 2206 nostrae
1136 2130 1219 2205 sunt
1244 2139 1245 2142 ‘

151 2241 316 2341 insignia.
383 2241 553 2323 Omnino
580 2246 679 2322 enim
714 2242 784 2321 Ille
814 2243 1054 2320 summumst
1087 2241 1217 2318 dodo·

149 2379 234 2433 rum
253 2355 515 2448 auctorit-atem,
545 2359 700 2459 etvrbis
715 2355 784 2434 effe
797 2357 916 2434 voluit
932 2350 1000 2456 *);
1032 2367 1071 2431 et
1088 2358 1216 2432 omnia

149 2467 242 2546 haec
263 2471 357 2547 intra
379 2473 596 2548 tambre'ue
624 2468 769 2571 tempus
795 2472 967 2571 perfecit,
1011 2469 1121 2567 quod
1153 2471 1217 2543 vix

151 2582 198 2658 ad
221 2583 461 2681 cogitandum
483 2599 521 2662 et
543 2582 794 2661 inchoandum
814 2582 1027 2660 multi'satis
1050 2580 1216 2680 longum
1262 2605 1264 2608 ⁴

153 2693 222 2771 eise
252 2694 443 2794 putassent
518 2692 722 2797 Equidem,
758 2696 908 2797 quando
943 2691 1218 2771 Bibliothecam
1264 2724 1267 2728 ’

151 2809 313 2884 nostram
341 2809 528 2909 publicam
551 2810 759 2909 ingredior,
801 2809 904 2909 saepe
927 2822 1104 2908 tanquam
1129 2808 1217 2884 reli-

152 2919 258 3019 gioso
285 2921 410 3022 aliquo
435 2921 745 3001 Mvucnnvsnur
771 2924 932 2999 nominis
954 2919 1110 2997 horrore
1136 2923 1218 3007 ani,

151 3029 259 3110 nium
289 3033 494 3135 percussum
514 3036 641 3114 sentio.
712 3033 815 3115 Haec
836 3057 927 3138 ergo
949 3035 1120 3110 omnium
1142 3035 1218 3110 sae·

102 3174 104 3179 ⁴
152 3146 343 3239 culorum,
371 3147 620 3249 populorum,
645 3149 872 3227 summorum
891 3148 1069 3246 cuiusque
1085 3149 1217 3223 aetatis
1262 3149 1269 3187 z

151 3260 389 3358 ingeniorum
413 3275 654 3339 monumenta
680 3261 859 3351 nonsibi,
889 3283 967 3338 non
984 3258 1054 3336 suis
1070 3257 1217 3353 vfibus3
1266 3285 1269 3359 2]

152 3371 213 3459 sed
239 3387 280 3451 vt
300 3375 453 3451 nostrae·
462 3374 690 3474 singulorum
717 3375 900 3454 dodrinae
921 3373 1127 3450 obstetricia
1152 3373 1217 3449 ad·

153 3486 317 3564 iumenta
341 3485 472 3577 effenr,
497 3485 623 3587 Regiis
645 3488 809 3590 auspiciis
833 3486 997 3588 prouidit
1012 3497 1050 3561 et
1067 3488 1216 3585 parauit

153 3595 286 3675 anidua
309 3622 395 3677 cura
418 3596 506 3680 Eius
526 3598 627 3690 Viri,
653 3605 756 3680 cuius
778 3598 1004 3678 beneuolum
1027 3612 1064 3674 et
1087 3622 1217 3675 aman·

153 3722 230 3787 tem
256 3712 369 3790 nostri
391 3716 554 3791 animum
581 3714 671 3791 haec
687 3714 760 3815 ipsa
774 3709 855 3790 Viri
875 3713 998 3790 serena
1013 3711 1133 3800 facies,
1150 3710 1217 3786 hie
1239 3759 1241 3798 ;

152 3823 309 3902 sacratus
331 3827 463 3904 vultus
477 3830 550 3919 **)
570 3827 693 3905 adhuc
708 3827 838 3927 spirare
857 3822 1019 3904 videtur!
1059 3821 1212 3915 Quanta

156 3937 234 4013 eius
254 3961 359 4015 mens
381 3954 419 4017 et
442 3940 613 4042 sapientia
636 3937 705 4016 effe
733 3939 881 4028 debuit,
921 3941 987 4039 qui
1017 3936 1123 4023 vidit,
1151 3930 1215 4010 Bi-

152 4049 420 4154 biiothecatali
443 4053 592 4155 publice
615 4052 782 4145 instrusia
796 4051 836 4129 ie
859 4049 1061 4151 Gottingae
1077 4048 1216 4143 addere

1131 4186 1213 4241 nun

193 4294 229 4376 ⁰)
250 4295 333 4362 Cre.
353 4297 393 4361 de
416 4294 510 4362 uffic.
525 4297 550 4375 Ι,
567 4313 597 4365 1.
1166 4318 1168 4321 ’

190 4405 246 4488 ⁸³0)
269 4405 306 4471 ln
329 4406 431 4473 tabula
450 4408 616 4491 imaginem
636 4408 921 4478 Mvucnrrvsrr
950 4407 1127 4490 exhibente.
1146 4409 1154 4469 i
