2534 4904
172 698 252 773 350
562 656 851 716 Q

167 843 314 919 inuitati
345 837 390 916 ad
417 838 507 940 ipsas
530 837 658 938 epulas
689 837 854 922 accedite
879 839 1120 942 frequentet,
1150 860 1213 941 qu

167 974 251 1035 tum
269 952 385 1033 caussa
401 954 464 1029 iiia
490 953 652 1052 apposita
669 954 727 1029 est.

223 1067 310 1149 AP.
342 1067 389 1146 11.
401 1066 477 1170 Jul.
506 1065 814 1145 clalaccrxxv..

548 1297 574 1347 ιι
689 1330 717 1388 4-
828 1298 856 1350 ἣ

278 1512 411 1594 Fateor
440 1517 603 1616 ingenue
638 1539 699 1593 me
721 1515 812 1592 mihi
842 1539 950 1596 nunc
981 1519 1171 1622 displicere
1199 1519 1228 1594 ιι

165 1643 242 1709 tota
263 1632 374 1710 huius
398 1632 517 1733 mythi
542 1628 724 1708 Arcadum
750 1630 978 1709 tradatione.
1047 1634 1227 1713 Debebaur

166 1750 266 1824 enim
288 1745 454 1823 disertius
471 1761 508 1823 et
533 1749 737 1824 accuratius
760 1745 918 1845 singulas
941 1762 1117 1827 veterum
1139 1764 1174 1826 et
1188 1770 1229 1825 re·

155 1864 374 1939 centiorum
400 1863 719 1961 interpretationes
741 1884 1004 1951 annumerare,
1035 1865 1142 1942 breui
1166 1865 1228 1941 cui

163 1992 240 2075 que
267 1972 406 2051 iudicio
431 1975 610 2075 adscripto
632 1991 695 2051 aut
710 1974 889 2070 subieti03
933 1990 1018 2052 turn
1045 1978 1113 2055 sub
1131 1979 1227 2055 finem

162 2089 341 2165 iudicium
368 2105 492 2165 meum
509 2088 767 2188 qualecunque
789 2104 1003 2188 apponere3
1042 2095 1082 2166 in
1109 2117 1183 2194 quo
1199 2088 1226 2166 id

162 2201 265 2302 sequi
288 2201 487 2291 debebam,
525 2202 628 2302 quod
653 2222 739 2279 cum
761 2207 1006 2303 antiquorum
1020 2207 1227 2305 mythoruru

162 2329 291 2393 natura
313 2329 351 2392 et
375 2316 503 2394 indole
528 2330 603 2394 erat
626 2315 967 2395 coniunctissimum.
1029 2319 1149 2397 Nune
1175 2344 1226 2396 ιιι

161 2444 235 2508 tem
256 2446 333 2508 rem
357 2434 407 2507 ita
429 2431 603 2531 exposui,
641 2446 681 2508 vt
704 2432 1022 2533 circumspicerem
1048 2436 1165 2511 statim
1188 2435 1225 2510 ab

160 2548 270 2622 initio
295 2560 485 2646 quotquot
506 2543 620 2622 essent
645 2549 804 2622 rationes
828 2549 1101 2647 interpretandi
1120 2548 1224 2651 mythi

161 2661 390 2761 probabiles,
419 2660 708 2759 subiiceremque
732 2663 932 2760 vnicuique
958 2663 1149 2762 expofitae
1173 2686 1223 2741 au·

161 2774 363 2851 tioritatem
394 2777 602 2874 antiquam,
647 2773 776 2873 siqua
816 2778 1045 2854 occurrebat
1122 2775 1223 2866 Atqui

151 2889 359 2990 simplicior
387 2892 482 2965 ratio
516 2891 638 2966 aevia
666 2903 761 2979 erat,
804 2905 843 2966 vt
867 2913 965 2979 non,
1004 2891 1100 2991 quid
1128 2890 1222 2992 potiit

160 3001 257 3091 sieri,
303 3003 364 3080 sed
389 3001 480 3103 quid
513 3003 648 3080 fadum
681 3003 741 3090 iit,
790 3004 964 3104 deinceps
1000 3025 1219 3083 enarrarem:

158 3114 261 3194 suisse
285 3117 378 3195 adeo
398 3121 463 3218 qui
486 3117 658 3216 mytirum
681 3116 726 3194 ad
743 3120 1000 3217 antiquitatem
1025 3120 1221 3219 religionis,

158 3254 234 3331 qua
258 3227 365 3309 Luna
393 3231 491 3331 apud
520 3229 675 3328 Arcades
697 3232 886 3309 celebrata
912 3233 983 3322 ast,
1027 3236 1219 3324 reserrent;

147 3345 249 3423 alios
266 3349 331 3446 qui
354 3345 399 3422 ad
419 3345 712 3424 obseruationem
735 3343 884 3436 Lunae,
914 3349 1070 3448 eiusque
1091 3347 1219 3433 cursus,

158 3472 196 3535 et
210 3461 360 3536 rationis
377 3476 586 3559 temporum
605 3460 690 3536 inde
706 3461 991 3549 constituendae,
1022 3464 1220 3562 antiquitus

149 3573 252 3659 iuter
270 3571 427 3650 Arcades
454 3573 582 3650 fatiam
608 3574 697 3651 haec
715 3574 911 3666 referrent,
944 3575 1117 3678 adeoque
1136 3591 1219 3654 tem·

70 3681 73 3683 ’
155 3706 246 3786 pora
272 3689 479 3786 antiquiora
507 3690 556 3763 ita
590 3688 852 3780 describerent,
895 3703 936 3767 vt
966 3704 1053 3767 ante
1080 3686 1218 3769 Lunam

156 3821 199 3877 ta
225 3799 418 3879 decurrisse
447 3802 624 3883 dicerent.

268 4016 361 4100 Nou
390 4015 486 4101 bene
515 4021 692 4124 procliuia
731 4021 785 4100 fui
812 4022 850 4098 in
881 4044 961 4098 eam
991 4023 1217 4123 opinionem,

147 4145 196 4210 tt
218 4129 376 4213 Arcades
402 4137 632 4237 appanowa
652 4137 726 4214 dici
742 4133 896 4236 potuisse
915 4149 1085 4238 putarem
1103 4163 1149 4216 ex
1166 4160 1219 4224 eo,

153 4249 259 4348 quod
281 4251 328 4327 ab
348 4254 390 4328 iis
407 4251 607 4354 aliquando
630 4245 756 4328 Lunae
776 4251 898 4328 cursus
915 4265 992 4329 erat
1009 4253 1218 4330 obseruatus

155 4375 194 4438 tt
229 4362 278 4448 ad,
311 4381 446 4445 certam
482 4372 664 4450 rationem
705 4364 916 4467 descriptus.
988 4362 1218 4446 Probabilius

1125 4503 1217 4560 enun

1260 4427 1265 4528 1

1261 4529 1266 4682 i
