2520 4950
145 676 195 747 50
513 632 818 700 „m

244 823 361 922 -Leges
393 824 518 902 Locros
541 826 686 929 stripitu
709 821 874 930 13an,
903 851 1057 929 eosque
1085 833 1216 930 primos
1241 878 1249 928 t

145 935 267 1027 fuisse,
297 943 354 1037 qni
371 936 493 1036 legibus
500 940 633 1043 scriptis
649 952 836 1024 vtermturr
874 953 911 1018 et
925 940 1004 1041 seges
1022 944 1060 1021 iis
1068 947 1215 1049 scriptos

146 1051 203 1159 effe
218 1079 241 1130 a
256 1052 423 1138 Zaleum,
452 1054 619 1130 historica
637 1052 708 1130 flde
727 1054 959 1154 exploratum
980 1058 1038 1133 est.
1072 1085 1103 1134 v.
1125 1061 1214 1159 Epi·
1247 1123 1250 1128 «

144 1179 281 1248 matrum
306 1165 352 1245 ΙΙ.
422 1165 539 1260 Quod
565 1169 605 1243 in
635 1166 692 1243 his
715 1168 884 1267 legibus,
927 1172 1036 1274 etiam
1064 1177 1232 1251 nemine-

2 1360 4 1367 ,
126 1295 342 1374 monente,
371 1280 558 1380 expertes,
586 1279 742 1359 erithoc
761 1297 800 1357 vt
822 1284 867 1360 ab
886 1287 991 1360 omni
1014 1285 1212 1366 subtilitate

144 1393 351 1496 longissrme
366 1393 492 1471 abfint.
551 1391 598 1472 Et
616 1394 698 1471 sane
716 1395 895 1472 summam
912 1396 1039 1496 legum
1063 1413 1103 1475 vt
1121 1405 1213 1478 anti·
1243 1456 1251 1465 -

143 1512 322 1611 quitatem
340 1511 388 1585 ita
406 1507 672 1608 srmplieitatem
689 1506 815 1610 passm
841 1512 879 1585 in
899 1510 1112 1610 fragmentis
1130 1515 1214 1614 plu·
1243 1568 1245 1575 J

142 1627 245 1703 tibus
264 1622 370 1700 facile
396 1621 577 1721 agnoscas.
635 1619 793 1699 Potuere
814 1625 1020 1712 tamenvel
1045 1625 1211 1728 seleges

142 1738 297 1818 Zaleuci
314 1736 549 1837 sequentibus
579 1735 740 1826 saeculis,
774 1761 840 1836 per
877 1761 971 1838 quae
1001 1736 1210 1821 Locrorum
1248 1807 1253 1809 >

141 1876 237 1953 resp.
262 1849 361 1927 stetit
380 1865 443 1926 aut
460 1851 620 1927 restituta
651 1853 784 1926 iterum
811 1852 1021 1943 conualuit,
1049 1856 1210 1953 pruden·
1238 1841 1244 1866 ’

140 1968 235 2044 tium
253 1968 418 2041 vitorum
436 1967 531 2040 curis
550 1961 618 2040 esse
636 1964 857 2042 emendatae.
917 1962 1026 2043 Certe
1044 1967 1210 2047 Timores
1244 2003 1246 2031 ÷

141 2080 276 2180 aliquis
298 2077 359 2154 seu
383 2076 591 2155 Timaretus
607 2078 703 2154 inter
719 2074 929 2156 Locrorum
948 2079 1211 2180 legumlatores
1246 2107 1252 2116 ·

143 2218 230 2273 cum
260 2190 428 2270 Zaleuco
466 2191 771 2284 memoraturi).
839 2194 1028 2271 Celebrate
1057 2219 1211 2297 quoque

141 2308 228 2383 vrbs
244 2305 294 2382 est
310 2307 444 2381 eximie
462 2306 645 2382 bonarum
660 2304 787 2404 legum
810 2310 973 2396 nomine,
1000 2323 1037 2385 et
1053 2308 1211 2388 floruisse

142 2421 258 2502 fertur
290 2442 415 2496 earum
442 2417 634 2495 beneficio
721 2418 888 2497 Testatur
920 2420 1025 2498 locus
1064 2420 1211 2524 Pindari
1252 2496 1259 2531 ,Ι

141 2532 211 2631 (Χ.
226 2530 387 2633 ΟΙγιηρ,
401 2532 480 2631 17.)
507 2546 544 2609 et
557 2528 817 2610 Demosthenis
834 2557 876 2611 ac
891 2533 1081 2613 Strabonis
1102 2540 1212 2615 verba
1253 2550 1259 2644 j

141 2651 217 2746 iam
233 2647 306 2724 alio
321 2645 409 2724 loco
426 2646 579 2751 laudata.
612 2647 656 2723 cs.
676 2644 841 2746 Bentlej.a
861 2645 1023 2743 (Lennep.
1041 2674 1076 2749 p.
1098 2645 1211 2752 191.)
1256 2671 1259 2679 ²

140 2755 208 2846 Est
228 2760 328 2862 apud
345 2757 591 2861 Porphyrium
617 2758 691 2862 (V.
709 2758 747 2835 P.
770 2786 806 2860 s
822 2761 911 2857 56.)
944 2787 963 2838 e
979 2761 1212 2864 Dicaearcho

144 2878 305 2954 narratio
323 2873 369 2950 de
391 2871 599 2974 Pythagora
626 2874 734 2950 exule
762 2899 783 2949 a
806 2877 933 2952 Locris
961 2900 1040 2952 non
1061 2893 1213 2979 recepto

131 2984 325 3092 ssquoniam
341 2990 380 3063 in
397 2987 467 3064 suis
482 2988 628 3087 legibus
648 2987 740 3062 nihil
758 2988 936 3070 haberent
958 2991 1060 3089 quod
1089 2991 1215 3092 displi-

141 3108 315 3194 cerati).
375 3098 495 3201 Leges
521 3117 645 3178 autem
669 3101 853 3178 Zaleucus
880 3102 1017 3204 seripfit
1042 3129 1119 3182 non
1138 3106 1212 3206 sub

144 3218 217 3317 ipsa
231 3218 348 3294 statim
375 3215 472 3291 vrbis
495 3214 718 3292 incunabula
727 3240 738 3308 ;
779 3237 908 3293 verum
927 3219 972 3293 ad
997 3218 1131 3294 multas
1156 3220 1213 3297 di·

140 3327 299 3409 scordras
317 3344 353 3404 et
367 3329 491 3404 turbas
507 3353 564 3404 res
579 3327 651 3404 iam
670 3329 788 3405 fuerat
811 3328 982 3420 dedusia,
1008 3345 1048 3406 vt
1066 3356 1114 3407 ex
1130 3332 1214 3409 Ari-

143 3444 281 3542 stotelis
300 3440 372 3518 fide
387 3440 561 3527 traditum
582 3444 787 3541 accepimus
812 3444 868 3537 k).
929 3444 966 3522 Si
992 3457 1115 3520 tamen
1135 3445 1212 3524 Za·

141 3547 292 3657 Ιζξῃςιιω
309 3558 404 3636 circa
433 3551 496 3633 01.
512 3552 668 3634 XXIX.
688 3553 833 3648 vixisse,
862 3553 1069 3638 Locrorum
1085 3574 1212 3638 autem

102 3690 103 3693 ‘
173 3713 177 3723 =
765 3675 767 3678 ’
1079 3675 1210 3753 vrbem

150 3858 228 3943 lt)
251 3817 491 3946 ap.1amhlteb.
512 3822 738 3940 v.1>.'n.130.
762 3869 795 3926 et
815 3877 887 3944 172.

152 3973 216 4055 “i-3
242 3969 312 4036 ἀλλ’
325 3971 373 4034 ἐπὶ
394 3975 459 4041 rosc
477 3952 565 4041 ‘tarda
580 3968 677 4047 νόμοις
698 3971 781 4035 οὐδὲν
798 3971 912 4054 ἔχομεν
933 3974 1091 4048 sanabis·
1127 3974 1210 4040 αὐτοὶ

150 4078 156 4088 ·
223 4083 224 4087 ’
249 4056 305 4136 μὲν
321 4055 369 4118 tri
383 4056 444 4117 τοῖν
459 4053 657 4138 ὑπαρχόντων
669 4056 875 4139 πειρασόμεθα
884 4059 999 4135 «μένειν.

121 4164 214 4253 A)
244 4166 282 4232 In
305 4166 411 4233 schot.
435 4164 555 4229 Pindari
577 4165 629 4230 01.
647 4161 705 4242 ro,
728 4181 776 4318 lpj
820 4166 871 4231 Ad
894 4168 1018 4233 easdem
1042 4165 1209 4233 seditiones

152 4245 158 4259 '
247 4248 362 4332 spestat
383 4248 543 4315 Strabonis
563 4249 652 4314 loeus
676 4251 729 4314 sib.
778 4250 801 4315 1.
831 4270 861 4328 p.
879 4266 952 4331 397.
976 4253 1012 4316 C.
1047 4254 1096 4314 vbi
1118 4251 1210 4318 Lam

151 4335 158 4351 ‘
189 4366 191 4368 v
248 4331 383 4398 aduenae
396 4341 456 4397 ires
470 4341 639 4417 quattuorue
652 4336 785 4398 ontrario
796 4330 956 4418 Zephyrio
970 4332 1124 4421 habitasse,
1134 4357 1209 4402 mox

245 4416 432 4584 Ξίῗὲηἵὲὸηη
457 4415 643 4501 transtulisse
664 4418 830 4547 sistuntur,
859 4416 1080 4502 opitulantibus
1105 4418 1210 4531 Syro·
