2542 5010
469 106 753 165 m
1072 155 1144 232 131

71 313 199 368 return
226 288 512 391 Sybaritiearum
538 285 752 385 scriptores,
777 299 819 367 vt
844 285 1051 372 Clitarchus
1070 299 1174 400 (ap.

70 402 256 482 Plutarch.
275 400 439 480 Parallel.
459 423 493 500 p.
511 423 588 493 310
607 398 634 476 F
636 457 644 474 .
688 403 752 479 vbi
784 405 1004 503 Κλείταρχος
1023 410 1052 485 ἐν
1073 408 1150 490 lio.

69 520 165 620 «ὅρῳ
187 511 449 616 Συβαριτικῶν)
479 526 518 591 et
539 511 769 615 philosophi,
795 518 862 616 qui
890 516 937 594 de
956 520 1147 625 voluptate

72 644 248 734 egerant,
290 627 539 730 Sybaritarum
566 628 740 729 exemplo
759 631 927 729 inprimis
951 631 1001 711 vli
1024 654 1143 715 erant:

74 747 137 833 (vt
168 740 418 820 Chamaeleon
448 737 625 819 Ponticus
655 741 736 844 περὶ
757 741 895 832 ilorie,
945 751 1013 848 qui
1043 751 1146 830 idem

68 857 168 935 liber
197 855 439 957 Theophrasti
453 856 606 932 nomine
632 845 833 934 ferebatur:
862 855 994 936 Athen.
1012 887 1048 962 p.
1061 887 1139 961 273
1173 855 1176 861 ’

72 968 139 1063 C.)
197 968 383 1048 Videntur
401 991 554 1072 quoque
572 968 765 1047 seriorlbus
781 975 1009 1072 temporibus
1028 978 1147 1057 multa

68 1086 118 1163 de
142 1085 391 1185 Sybaritarum
412 1083 508 1160 luxu
529 1100 629 1159 auta
654 1106 743 1160 vero
765 1084 906 1162 deflexa
928 1104 992 1164 aut
1018 1092 1057 1165 in
1076 1091 1145 1167 fal-

68 1199 148 1277 sum
166 1198 245 1276 fieta
268 1196 356 1288 elle,
383 1221 480 1302 cum,
508 1198 738 1297 utquisque,
767 1197 954 1298 Sophistae
968 1207 1142 1297 maxime,

68 1313 196 1391 mollis
222 1329 260 1390 et
285 1312 477 1390 deliciosae
502 1311 597 1387 vitae
620 1310 834 1411 exemplum
849 1337 1061 1414 proponere
1079 1333 1143 1397 aut

69 1451 252 1505 exornare
275 1426 408 1516 vellet,
438 1425 519 1502 ida
543 1423 716 1523 Sybaritis
739 1425 816 1502 fere
839 1442 998 1527 peteret3
1036 1432 1142 1533 quod

66 1542 126 1620 vel
165 1539 356 1619 Athenaeo
385 1536 636 1642 comparando
661 1537 830 1639 suspicari
864 1541 952 1620 licet
976 1543 1028 1635 (l.
1041 1569 1074 1628 c.
1099 1546 1160 1649 p.

70 1670 161 1751 518·
185 1647 245 1758 a)

181 1879 367 1971 Alterum,
401 1878 506 1981 quod
532 1883 691 1957 intanta
714 1883 810 1956 vitae
838 1881 964 1958 mollis
991 1896 1029 1959 et
1049 1881 1138 1961 elle-

65 1998 227 2075 minatae
242 1996 391 2073 infamia
406 1996 641 2072 mirationem
655 1994 753 2083 facit,
772 1994 821 2071 ell
835 1994 974 2072 summa
990 2019 1133 2088 eorum,

64 2112 131 2212 qui
157 2109 415 2198 incoluerunt,
445 2109 662 2210 frequentia.
723 2105 830 2184 Vrbs
861 2111 962 2186 enim
991 2096 1138 2189 ‘intam

64 2224 220 2326 angusto
259 2223 338 2300 solo
376 2219 490 2323 polita
524 2218 623 2298 CCC
652 2220 767 2298 millia
799 2223 939 2299 ciuium
973 2221 1138 2300 habuille

61 2340 243 2417 constanti
267 2335 339 2414 fide
360 2336 516 2414 tradimr
536 2329 588 2424 (v.
606 2337 775 2434 inprimis
802 2330 1133 2430 Diodor.Xll‚9).

61 2451 296 2548 Incredibilis
318 2474 376 2526 res
402 2449 447 2526 ad
473 2448 583 2526 fidem
607 2449 736 2525 multis
760 2448 852 2538 visa,
896 2472 967 2527 nec
991 2451 1134 2526 iniuria.
1157 2442 1158 2445 ‘

61 2565 199 2646 Defuit
223 2567 322 2640 enim
345 2562 519 2664 Sybaritis
537 2577 730 2663 paupertas
748 2575 786 2639 et
801 2562 987 2662 frugalitas
1004 2566 1135 2662 reique

61 2680 216 2758 rusticae
248 2677 427 2767 studium,
476 2678 578 2778 quod
610 2675 789 2754 Romanis
824 2688 901 2752 erat
937 2677 1135 2769 summum,

61 2793 215 2872 vtadeo
236 2795 309 2868 iam
324 2795 457 2891 quinto
471 2790 614 2868 saeculo
635 2789 727 2867 vltra
743 2785 823 2867 XII
844 2804 998 2867 centena
1016 2791 1135 2869 millia

61 2910 204 2985 ciuium
227 2905 369 2984 Romae
390 2903 527 2982 censeri
549 2900 716 3003 pollent
762 2902 811 2980 ht
837 2902 982 3005 Sybaris
1002 2904 1134 3006 paullo

57 3022 167 3123 supra
201 3021 381 3098 ducentos
409 3028 527 3095 ann‘os
554 3017 752 3094 incolumis
780 3018 897 3111 stetit3
950 3030 987 3095 et
1012 3019 1134 3096 soboli

59 3135 311 3238 procreandae
326 3133 598 3231 hominumque
619 3131 847 3230 frequentiae
861 3131 995 3208 luxum
1010 3133 1135 3210 inimi·

59 3275 149 3329 cum
174 3245 243 3325 elle
268 3247 416 3324 constat.
490 3244 581 3324 Non
616 3246 760 3345 pigebit
790 3266 994 3344 apponere,
1039 3268 1135 3344 quae

57 3365 170 3444 nobis
185 3365 226 3439 in
241 3373 405 3439 mentem
429 3376 612 3437 venerunt
626 3362 686 3461 *).
744 3353 938 3436 Promtum
956 3360 1005 3436 est
1021 3359 1133 3459 sulpi-

559 3469 632 3551 12
1042 3474 1128 3565 cari,

94 3691 135 3774 ο)
155 3686 291 3785 Videsrrt
310 3684 379 3774 elii,
413 3704 452 3784 ‚⁸¹¹
478 3681 780 3828 probahiliomshaee
800 3631 862 3745 lint
883 3681 927 3823 ills¹
944 3698 1023 3780 qnae
1047 3681 1129 3760 apud

164 3765 668 4003 {siplTserlflll‘ialill
681 3768 772 3931 2233
793 3765 1044 3934 {illlata
1061 3768 1130 3931 ll}

195 3956 237 4020 pu
253 3958 279 4001 c.
326 3982 335 4002 .
362 3953 505 4021 ,μω
