2542 5010
1084 287 1130 370 91

26 440 38 460 '
81 438 85 528 j
101 449 133 539 ¹et
146 433 312 525 sanctitas,
348 435 580 535 deorumque
600 435 741 534 vigeret
756 436 961 514 reuerentia
983 448 1020 516 et
1033 440 1139 518 iuris-

103 550 213 627 iurandi
237 550 380 650 religio.

71 829 76 835 „
185 746 317 849 Neque
343 751 498 826 maiores
524 749 617 824 adeo
641 747 752 823 nostri
768 748 849 827 talis
875 749 1001 827 indicii
1018 751 1136 831 hone-

66 962 67 965 Ν
97 862 196 939 statem
218 863 412 965 suipetiam
434 863 662 954 habuerunt3
691 863 792 960 quod
811 887 896 940 cuna
913 869 1069 946 omnino
1088 891 1142 946 cur

66 983 71 1022 ³
98 979 219 1076 antiqua
243 982 297 1055 rei
322 979 531 1055 iudiciariae
554 981 649 1054 inter
665 971 871 1054 Germanos
889 980 1026 1069 fornia,
1053 996 1134 1066 tunu

56 1114 66 1144 1
96 1115 129 1167 au
148 1094 187 1168 iis
207 1095 455 1172 conuentibus
478 1091 674 1172 iudiciariis
692 1090 931 1190 intelligitur,
961 1098 1027 1196 qui
1045 1097 1133 1172 inde

91 1195 318 1282 'innonnullis
344 1205 532 1294 uaiiibus,
568 1205 614 1283 ad
633 1201 823 1302 Logunanr
853 1208 1039 1306 inprimis,
1080 1225 1133 1286 et-

47 1344 58 1379 ³
93 1321 229 1397 iamnum
248 1321 474 1421 frequentari
497 1318 634 1408 solent,
665 1320 856 1420 inquibus
877 1325 976 1398 ciues
1003 1345 1132 1401 omnes

92 1455 120 1508 cc
132 1431 277 1532 iuguli,
322 1437 490 1533 inprimis
518 1447 639 1532 tannen
667 1424 717 1521 ii‚'
740 1437 806 1534 qui
825 1435 976 1533 publico
1006 1436 1132 1536 aliquo

34 1564 44 1625 ’ἢ
91 1570 218 1625 munere
244 1548 305 1624 vel
327 1550 524 1628 ministerio
551 1547 776 1646 funguntur,
808 1549 1045 1626 iureiurando
1069 1552 1130 1629 ud·

90 1661 155 1750 aui,
184 1661 368 1763 quidquid
388 1677 514 1739 contra
529 1662 629 1760 leges
653 1685 672 1739 a
690 1664 866 1764 quopiam
892 1666 1030 1742 ciuium
1048 1665 1132 1742 suo·

26 1839 29 1847 .
89 1798 152 1851 rum
175 1771 404 1855 commissum
434 1793 702 1876 peccatumque
735 1779 927 1866 nouerint,
976 1780 1131 1878 publico

26 1931 50 1992 g
89 1889 204 1967 indicio
228 1891 337 1966 edere
362 1905 553 1984 tenentur3
596 1889 697 1990 quod
717 1890 834 1989 ipsum
858 1892 1034 1970 indicium
1060 1918 1131 1993 pro

26 2062 33 2085 ,
89 2003 292 2081 accusatione
313 2003 492 2093 habetur,
524 2021 562 2078 vt
578 2004 693 2079 statina
720 2028 774 2080 res
797 2009 834 2080 in
853 2007 1018 2086 iudicum
1040 2033 1135 2085 con.

26 2149 47 2199 ς
92 2112 157 2192 ieiiu
170 2118 401 2217 disceptanda
420 2133 660 2218 proponatur.
720 2118 812 2197 Sane
829 2120 979 2225 quidem
994 2121 1129 2201 finibus

26 2157 51 2388 i
91 2236 247 2310 contineri
274 2232 354 2310 satis
379 2232 539 2330 angustis
561 2247 598 2311 et
621 2233 665 2310 ud
690 2247 785 2309 certa
811 2248 953 2313 tanturn
976 2239 1130 2314 crimina

26 2380 49 2429 :a
88 2345 272 2446 ussagida,
313 2350 481 2448 inprimis
504 2370 568 2435 ea,
607 2371 701 2447 quae
731 2349 867 2425 bonurn
890 2352 1046 2426 ciuitatis
1071 2348 1130 2428 vel

38 2451 40 2457 ἶ
85 2463 152 2558 pagi
190 2461 491 2540 constitutionem
535 2462 747 2561 bonamque
784 2462 953 2563 politiam
983 2466 1129 2541 turbare

83 2572 231 2681 poium,
274 2575 429 2677 spectare
454 2575 528 2654 hoe
561 2576 781 2654 iudiciorum
808 2599 928 2674 genus
961 2567 1129 2653 videtur}

78 2685 322 2780 habettamen,
355 2689 608 2777 nifiialiinuun
636 2689 709 2765 hoc
726 2689 906 2768 iuniorum
924 2691 1132 2769 nostrorum
1210 2725 1216 2735 ·

26 2801 32 2813 '
73 2802 268 2882 institutum
292 2806 392 2882 bona
415 2803 531 2883 multa
556 2820 593 2880 et
607 2802 807 2902 praeclara,
836 2803 928 2880 adeo
949 2818 988 2878 ut
1014 2827 1131 2901 nuper

68 2908 175 2993 auito
201 2916 311 2995 doiio
338 2918 473 2997 horum
499 2934 754 2995 conuentuunu
776 2916 909 2994 utilitas
927 2920 1073 3017 egregie
1089 2918 1133 2995 sit

66 3020 318 3111 'commendata
334 3031 386 3128 d).
447 3029 575 3124 Quid?
606 3030 709 3131 quod
733 3034 771 3108 in
794 3033 1031 3133 Episcopoium
1052 3032 1130 3109 oiim

60 3136 190 3246 placitis
214 3148 362 3225 excitati
390 3169 436 3224 en
457 3145 578 3225 media
601 3146 910 3243 parochianorum
934 3148 1041 3223 turba
1063 3148 1128 3224 aii·

60 3275 178 3361 quot,
214 3284 371 3338 nurnero
394 3259 470 3336 fere
499 3258 654 3357 septeni,
698 3264 784 3362 resin
807 3255 983 3364 synodales'
1012 3260 1128 3357 vulgo

59 3374 168 3465 dicii,
199 3374 244 3450 de
260 3376 323 3463 iis,
354 3396 448 3476 quae
468 3372 690 3449 clandestina
714 3374 938 3462 celarentur,
968 3376 1130 3449 crimini·

58 3490 130 3565 bus
148 3487 377 3587 ceringiae,
412 3491 520 3563 etiarn
548 3485 688 3562 devita
711 3488 953 3585 moribusque
979 3486 1129 3566 suorum

59 3618 391 3680 conterraneorum
407 3603 584 3679 indicium
602 3598 766 3700 profiteri
783 3600 1017 3685 iureiurando
1035 3601 1130 3679 obli-

55 3721 133 3819 gati
169 3717 431 3817 cogebantur3
486 3713 549 3794 etii
583 3717 692 3794 etiarn
720 3715 794 3795 hoc
826 3715 1005 3798 indicium
1035 3717 1129 3792 intra

958 3829 1129 3908 adulterii

94 4020 183 4108 d)J.
202 4019 235 4085 F.
253 4017 413 4084 Ebiberdt
435 4038 495 4082 uon
521 4016 586 4083 dem
639 4013 823 4100 afiiruornen
852 4015 1021 4100 Meninge,
1056 4015 1131 4082 ouer

166 4107 224 4173 den
250 4100 534 4186 laege-uerutum
549 4121 589 4171 nn
626 4100 774 4169 aanin.
800 4102 896 4167 Mart.
922 4111 1013 4181 1708.
