2520 4950
78 348 83 352 ’
128 341 177 422 38
523 348 805 367 ···““·-·“·

125 497 320 591 sententla3
344 592 352 601 ⁸
378 496 475 574 illud
493 509 616 573 tamen
632 494 712 571 satis
730 494 894 571 constare
911 493 1067 584 videtur,
1098 495 1194 594 apud

124 609 268 690 Locros
284 615 330 692 in
347 610 563 693 declaranda
585 608 678 708 legis
689 680 693 684 ,
704 608 889 684 sententia·
901 608 994 685 nihil
1009 609 1056 685 ad
1086 612 1194 684 inter-

126 725 349 828 pretandum
374 727 535 802 acumini
558 723 688 802 iudicis
712 720 815 798 fuisse
835 722 979 810 datum,
1016 721 1079 799 sed
1103 726 1194 798 intra

126 840 288 916 litteram
303 839 397 940 legis
422 863 573 914 omnem
595 840 777 913 rationem
803 833 998 914 substitille.
1057 835 1102 912 ln
1120 860 1194 936 quo

127 967 253 1031 tamen
270 954 481 1030 mirandum
505 951 598 1028 illud
629 951 746 1027 videri
763 952 908 1050 potest,·
937 950 1133 1048 quomodo
1158 954 1195 1025 in

129 1081 207 1144 tum
230 1067 381 1144 modico
412 1067 539 1165 legum
573 1088 730 1140 numero
763 1067 888 1141 omnia
921 1079 996 1140 tam
1023 1065 1135 1164 plene
1160 1080 1196 1140 et

132 1197 299 1258 accurate
322 1180 471 1257 delinita
486 1177 554 1256 elle
573 1181 782 1279 potuerint,
818 1194 858 1253 vt
874 1178 946 1278 ipsa
972 1177 1103 1276 legum
1120 1180 1197 1254 len.

127 1299 242 1375 tentia
267 1319 397 1380 omnes
422 1291 557 1381 canuae
575 1293 788 1369 viderentur
814 1289 881 1368 elle
905 1291 1053 1367 decisae.
1116 1292 1199 1371 lilo-

130 1434 215 1492 rum
238 1409 483 1511 simplicitati,
517 1408 638 1486 litium
665 1409 840 1506 paucitati
863 1421 900 1482 et
915 1406 1082 1483 iudicum
1109 1408 1197 1484 dile·

132 1523 205 1615 ilui
238 1540 274 1601 et
299 1523 473 1607 sanititati
494 1523 532 1599 id
555 1522 650 1599 forte
680 1521 928 1598 tribuendum.
1003 1519 1074 1598 Sed
1101 1535 1139 1598 et
1157 1522 1204 1602 in*

130 1639 282 1739 poenali
305 1652 449 1714 tantum
473 1639 525 1713 rei
540 1635 747 1712 iudiciariae
774 1650 877 1734 parte
902 1634 1132 1714 seueritatem
1154 1637 1197 1717 il.

132 1753 206 1836 lam
228 1753 541 1858 interpretationis
564 1746 761 1827 obtinuille
786 1747 989 1830 tenendum
1011 1751 1070 1843 cib

242 1975 377 2077 Viguit
398 1981 507 2059 etlam
531 1981 626 2055 inter
656 1975 797 2060 Locros
815 1977 878 2054 lex
901 1976 1080 2065 Molaica,
1123 2001 1200 2056 cer.

129 2089 304 2170 tillrmum
330 2090 567 2196 simplicitatis
596 2107 633 2169 et
653 2095 747 2171 vitae
780 2107 817 2168 et
840 2105 1051 2191 temporum
1082 2090 1201 2170 docu.¹

131 2220 301 2290 mentum
322 2201 384 2306 a).
417 2220 453 2282 vt
475 2206 568 2283 oculo
597 2205 696 2283 lueres
713 2205 839 2283 oculum
864 2206 962 2282 alleri„
976 2205 1111 2310 alifam.
1148 2237 1201 2284 ne.

130 2345 190 2427 que
215 2349 253 2398 aa
278 2350 388 2421 poeno
419 2319 487 2398 vlla
519 2324 735 2423 aeslimutione
763 2321 877 2398 redimi
903 2316 1019 2423 poffet.
1092 2319 1202 2414 Quae

131 2435 195 2511 lex
219 2459 309 2538 quas
333 2436 458 2514 turbas
487 2435 645 2526 dederit,
676 2452 762 2512 cum
789 2435 953 2513 vnoculo
976 2435 1109 2512 oculus
1137 2461 1201 2513 ex.

132 2548 252 2627 cuilus
277 2548 381 2638 silet,
423 2564 512 2633 nota
544 2551 593 2626 est
618 2552 776 2640 narratio
799 2546 859 2648 b).
926 2546 982 2635 Ex
1013 2550 1200 2655 superiore

129 2677 255 2740 tamen
279 2665 363 2765 lege
398 2664 609 2765 disceptatio
631 2665 749 2771 statlm
783 2665 936 2761 diremta
962 2661 1030 2748 elle
1057 2664 1199 2756 debuit,

134 2801 220 2855 cum
246 2782 285 2855 in
306 2779 389 2880 ipsis
411 2778 541 2878 legum
567 2780 686 2855 verbis
711 2779 824 2861 iudici
848 2775 934 2860 esset
957 2779 1195 2885 manendum.

132 2887 223 2981 Eius
245 2905 405 2982 tamen,
446 2896 512 2992 qui
552 2892 733 2979 unoculus
770 2895 872 2982 erat,
921 2890 1082 2968 luasrone
1123 2893 1199 2993 legi

131 3002 305 3082 hedenus
333 3005 550 3104 derogatum
577 3021 699 3088 narrat
721 3003 1011 3096 Demosthenes,
1056 3022 1107 3096 ut,
1132 3013 1198 3108 qui

133 3121 167 3195 ei
198 3143 313 3195 vnum
346 3120 501 3197 oculum
532 3118 749 3210 excullrllet,
783 3135 941 3220 utroque
981 3123 1196 3219 priuaretur.

130 3227 252 3313 Etiam
275 3230 489 3324 Diodorus,
535 3237 600 3334 qui
633 3235 729 3311 hanc
760 3235 882 3334 legem
911 3234 957 3315 ad
979 3231 1198 3319 Charondae

134 3347 276 3423 tabulas
295 3348 501 3437 transtulit,
537 3348 665 3427 diserte
696 3366 836 3439 narrat,
868 3352 964 3438 eius,
994 3352 1060 3448 qui
1083 3351 1198 3429 oculo

130 3484 248 3561 *quem
264 3486 378 3539 vnum
394 3462 553 3539 habebat
570 3460 718 3539 excutio
737 3464 857 3540 fuerat
872 3481 1097 3553 excaecatus,
1120 3465 1200 3542 lua.

132 3574 233 3653 fione
266 3575 390 3677 legem
420 3573 521 3654 fuille
553 3575 728 3653 abolitam
765 3572 885 3679 (XII,
912 3583 1015 3673 17);
1075 3582 1199 3658 minus

124 3701 256 3770 ¹tamen
280 3691 471 3791 probabile
496 3691 570 3769 hoc
598 3690 644 3771 de
670 3689 820 3770 Thuriis
846 3714 958 3796 quam
991 3692 1037 3773 de
1067 3689 1198 3781 Locris

135 3805 310 3883 traditum
345 3806 437 3891 bene
466 3807 614 3891 nronuit
642 3802 840 3889 Bentleius

1060 3968 1068 3981 ·
1154 3920 1201 4006 Iu

174 4051 216 4127 a)
237 4050 340 4116 Etiam
363 4050 445 4115 inter
463 4050 591 4121 Solonis
610 4052 698 4135 leges
721 4051 782 4116 luit
810 4031 840 4123 b.
857 4049 952 4134 Diog.
979 4031 1082 4123 Laert.
1098 4053 1130 4128 l,
1146 4072 1199 4137 57.

172 4159 224 4241 b),
238 4183 266 4227 v.
290 4161 447 4228 Demosth.
473 4163 505 4226 in
527 4163 666 4232 Timocr.
689 4184 719 4248 p.
731 4176 792 4247 480
808 4163 844 4230 B.
866 4165 998 4249 (pm.
1016 4165 1202 4251 eranam.)
