2534 4904
857 490 866 534 l

525 652 807 668 ψ*

129 627 210 724 326

131 799 320 894 dumque,
352 789 457 892 quod
484 816 563 870 eam
592 814 720 890 capere
744 787 880 889 pollet,
916 790 1128 892 reisquilie,
1153 817 1208 868 no

8 947 9 950 ¹
131 912 188 985 bis
219 909 371 1007 quidem
399 907 542 1006 liquere
572 907 725 984 videtur.
799 905 884 984 Nec
911 923 1006 982 vero
1033 905 1206 1007 glollaah

134 1038 193 1111 ea,
226 1045 321 1121 quae
342 1033 380 1097 in
406 1023 591 1098 veteribus
614 1021 720 1096 editis
742 1019 891 1117 vulgata
916 1023 988 1109 eli,
1025 1026 1207 1098 variatam

133 1136 291 1224 recedit,
320 1151 359 1217 vt
382 1139 658 1236 comparatione
688 1136 849 1210 instituta
875 1135 1105 1224 didicimus,
1142 1134 1207 1221 nili,

135 1251 239 1350 quod
269 1252 308 1328 in
335 1255 505 1331 omnium
536 1253 631 1327 inter
663 1247 698 1327 se
721 1247 996 1348 exemplarium
1026 1275 1208 1352 eompara-

135 1369 239 1446 tione
263 1388 457 1454 occurrere
474 1363 586 1452 solet,
617 1377 657 1438 vt
674 1364 796 1439 addita
821 1363 890 1441 alia
918 1363 1011 1452 sint,
1046 1364 1118 1441 alia
1138 1366 1210 1440 sub

135 1478 244 1555 tratta
261 1494 298 1560 et
317 1476 454 1567 omilla,
485 1478 553 1556 alia
568 1477 712 1556 sedibus
726 1493 763 1558 et
779 1477 872 1558 locis
891 1493 1053 1558 mutata.
1094 1480 1208 1572 Quam

130 1612 214 1669 ¹rem
240 1597 363 1671 mirari
388 1617 464 1671 non
492 1593 679 1670 debemus.
728 1590 891 1670 Habent
918 1595 1024 1669 enim
1054 1592 1210 1671 Instituta

137 1731 223 1785 cum
247 1705 396 1784 Codicis
413 1709 529 1788 tribus
554 1707 658 1783 libris
678 1723 715 1783 et
733 1704 970 1786 Infortiatum
989 1733 1098 1786 mera
1121 1707 1209 1807 ligna

94 1818 96 1824 ⁴
137 1821 337 1926 multiplici
356 1822 474 1901 modo
494 1824 643 1909 variata,
672 1820 873 1898 admodum
896 1833 1027 1899 tamen
1052 1823 1208 1910 obscura,

137 1936 271 2034 reliqui
290 1936 375 2043 libri
393 1937 501 2012 verba
522 1935 792 2036 interpretanda
807 1956 893 2012 cum
905 1934 1020 2034 signis
1039 1936 1210 2040 praelixa3

138 2062 178 2122 vt
201 2049 342 2148 laepius
364 2050 515 2130 istorum
531 2050 727 2132 hominum
750 2049 901 2137 oculos,
931 2073 1034 2149 quos
1053 2054 1144 2127 aciei
1160 2049 1210 2125 fir·

139 2165 264 2239 mirate
283 2176 319 2237 et
336 2166 548 2246 ‚intentione
570 2165 780 2249 incredibili
806 2159 954 2249 valuilie
980 2163 1129 2249 necelie
1156 2165 1208 2259 eli,

140 2278 260 2357 mirati
282 2276 403 2358 fimus.

253 2501 430 2589 Diuersus
456 2507 603 2608 prorsus
627 2521 664 2584 et
693 2505 939 2606 seiungendus
973 2529 994 2581 a
1020 2505 1210 2607 superiori·

141 2616 210 2692 bus
236 2620 491 2700 voluminibus
517 2623 568 2699 est
594 2621 715 2703 codex
742 2644 811 2721 pro
830 2623 927 2725 sexto
952 2621 1153 2698 volumine
1177 2624 1210 2726 in

139 2755 315 2811 numeros
343 2735 497 2827 relatus,
529 2738 575 2812 ab
601 2737 670 2813 alia
700 2760 816 2835 eaque
839 2739 961 2819 minus
987 2733 1077 2817 scita
1105 2758 1210 2814 manu

138 2850 340 2949 minusque
371 2851 486 2934 nitida
513 2854 553 2930 in
582 2851 794 2931 membrana
814 2847 1065 2949 'perscriptus,
1112 2853 1211 2946 Dige-

130 2965 179 3065 sti
200 2962 293 3041 XV.
319 2969 448 3062 priores
476 2966 576 3042 libros
611 2990 697 3042 cum
727 2962 841 3066 glolla
869 2961 1089 3041 Accurliaoa
1114 2989 1210 3044 com·

140 3073 294 3173 plexus3
325 3101 419 3178 quae
443 3080 488 3159 ad
513 3080 577 3157 lib.
597 3077 687 3163 XV.
719 3082 771 3155 tit.
801 3103 831 3171 3.
862 3075 1004 3165 deficit,
1031 3094 1210 3156 contextu

121 3191 264 3266 'tamen
294 3214 410 3290 vsque
434 3194 479 3270 ad
508 3195 532 3274 1.
561 3217 620 3289 17.
647 3198 703 3273 tit.
719 3191 748 3272 1.
780 3193 866 3271 libri
882 3188 989 3272 XVI.
1017 3191 1208 3292 produtio.

140 3298 423 3387 Amala‘manu
449 3308 588 3395 librum
604 3307 698 3395 olim
725 3304 827 3389 futile
853 3320 1084 3396 truncatum,
1114 3324 1211 3383 ante·

141 3436 253 3513 quam
278 3442 350 3507 ea,
382 3444 475 3521 quae
506 3422 643 3504 seruata
674 3423 843 3510 fuerunt,
883 3422 1210 3518 compingerentur

139 3531 178 3604 in
202 3530 378 3608 volumen
403 3536 495 3626 boc,
527 3537 693 3614 dubitare
715 3560 790 3613 non
813 3536 909 3611 licet.
951 3530 1116 3610 Praetixa
1132 3536 1211 3613 sulit

139 3644 184 3718 ab
212 3644 281 3721 alia
307 3646 367 3726 sed
393 3666 515 3729 vetere
544 3675 677 3739 manu,
716 3665 753 3726 et
778 3649 972 3728 luculento
994 3649 1210 3738 charactere,

140 3757 217 3837 duo
247 3759 352 3852 folia,
406 3787 499 3864 quae
534 3767 833 3848 constitutionem
854 3761 990 3863 imper.
1011 3761 1212 3873 ⁴Julliniani

145 3874 278 3950 Omnem
307 3879 352 3953 ad
383 3878 652 3969 Antecellores,
679 3903 789 3964 vnam
819 3879 1034 3969 extribus,
1074 3881 1212 3978 quibua
1259 3906 1260 3909 ‘

139 3979 334 4068 Pandetias
367 3993 485 4071 sanxit
505 3992 728 4096 Imperator,
770 3994 980 4072 continent:
1021 3993 1135 4093 digna
1161 4020 1212 4086 ea,

141 4127 272 4202 quaen
291 4108 453 4187 studiosis
474 4109 603 4189 barum
622 4108 845 4185 lautitiarum
871 4129 957 4187 cum
978 4108 1087 4186 editis
1112 4133 1214 4189 com-

124 4234 334 4317 parentur,
366 4246 453 4302 cum
476 4248 522 4299 ex
540 4224 749 4325 antiquiore
766 4222 944 4324 descripta
966 4221 1053 4313 fint,
1085 4226 1216 4324 inqua

140 4335 251 4410 verba
279 4335 405 4439 passim
434 4341 627 4421 atramenti
650 4338 792 4446 pallore
816 4337 1076 4422 exoieuerant:
1116 4341 1215 4415 vnde

1061 4450 1217 4535 lacunae
