2550 5108
170 668 247 742 322
563 630 846 685 ··.......····...-..·!

168 818 469 906 monstrosorum,
494 816 676 916 pleraque
696 816 860 892 ridicula.
898 870 901 876 -
931 812 1099 920 Digrstum
1119 846 1238 894 nouam

170 937 290 1010 variar
311 933 421 1011 habet
438 932 586 1007 insertas
611 930 781 1018 lacinias,
826 930 871 1006 ad
898 932 1162 1010 resarciendam
1185 938 1237 1008 ln·
1261 986 1264 1022 ,

168 1052 300 1146 suriam
327 1045 528 1148 exemplari
556 1046 643 1120 huic
669 1043 806 1120 ranam.
876 1043 931 1120 lta
956 1046 1122 1146 suppleta
1154 1047 1234 1122 sunt

168 1152 213 1247 ab
240 1160 309 1237 alia
333 1185 465 1249 manu,
486 1183 609 1258 ,eaque
624 1159 774 1247 seriore,
802 1161 869 1234 tria
893 1159 978 1235 solia
996 1163 1034 1235 in
1053 1163 1233 1260 priucipio

169 1272 189 1366 (
192 1303 211 1353 a
230 1277 292 1351 lib.
311 1272 508 1352 XXXIX.
527 1271 670 1371 Digessi
687 1276 795 1359 noui,
822 1288 858 1349 et
877 1273 1054 1350 infortiati
1077 1299 1096 1348 a
1123 1278 1215 1368 tica
1202 1300 1230 1368 3.
1259 1310 1265 1356 a

167 1387 318 1469 XXIV
339 1388 449 1464 libri
441 1391 587 1463 mitium
609 1385 684 1461 lieri
702 1388 938 1480 memineris)
964 1411 1080 1487 vsque
1096 1389 1141 1465 ad
1162 1389 1230 1482 19
1260 1426 1265 1471 ς

168 1503 409 1606 primitituli:
448 1502 515 1578 alia
539 1501 615 1576 dno
641 1500 728 1576 folia
756 1501 801 1575 ad
825 1499 977 1599 glossam
999 1502 1233 1603 supplendam
1260 1541 1266 1585 r

167 1621 297 1697 inserta
319 1619 402 1694 sunt
425 1630 611 1692 arecente
626 1639 740 1690 manu
764 1629 847 1690 ante
873 1619 924 1691 tit.
952 1619 1147 1715 quintum,
1174 1620 1231 1716 qui
1260 1692 1264 1697 .

168 1736 218 1810 est
244 1733 290 1810 de
314 1733 587 1819 donationibus.
647 1727 954 1830 Expleturetianr
973 1728 1104 1828 glossa,
1136 1756 1230 1808 ave·
1262 1766 1266 1812 r

168 1864 245 1925 tere
271 1870 382 1923 manu
406 1845 600 1942 adscripta,
640 1866 735 1942 quae
764 1845 809 1919 ad
833 1845 895 1919 lib.
921 1870 952 1936 5.
985 1847 1037 1920 tit.
1065 1846 1112 1922 de
1139 1848 1227 1922 verb.
1262 1860 1267 1929 ’;

167 1962 288 2061 signis.
306 1959 446 2047 deficit,
477 1963 521 2032 ab
539 1958 607 2033 alia
627 1981 739 2034 manu
759 1959 935 2057 usquead
958 1958 982 2033 I.
1006 1973 1068 2053 98.
1120 1958 1230 2037 Lacu·
1263 1996 1267 2042 ι

168 2101 255 2152 narn
270 2075 382 2151 habet
394 2089 590 2149 contextus
613 2073 757 2171 aliquot
774 2071 951 2149 soliorum
969 2074 1055 2148 inde
1070 2099 1090 2149 a
1106 2074 1129 2149 l.
1150 2101 1161 2150 r
1178 2101 1227 2167 39.
1263 2109 1267 2154 a

168 2171 374 2265 deverborss
392 2185 541 2285 nguine.
571 2210 685 2285 vsque
703 2186 749 2262 ad
779 2186 802 2261 l.
835 2211 920 2281 ¹32·
961 2188 1007 2263 de
1030 2213 1133 2287 regg.
1164 2189 1230 2266 Iur.
1264 2199 1268 2269 l

168 2299 226 2380 Ex
250 2302 377 2378 ultima
403 2315 527 2376 tamen
553 2303 706 2400 pagina,
743 2323 838 2400 quae
868 2304 1011 2400 integra
1034 2302 1231 2392 subiicitur,
1265 2338 1268 2383 ι

166 2413 451 2518 (conuertmrus
485 2417 582 2491 eninr
617 2416 781 2490 animum
813 2415 859 2491 ad
893 2417 1100 2516 indaganda
1136 2419 1233 2505 haec,

167 2555 263 2630 quae
279 2533 449 2630 primaria
465 2532 503 2605 in
520 2550 656 2627 genere
671 2553 717 2606 eo
742 2531 884 2605 critices
908 2529 976 2606 esse
1000 2528 1151 2630 solent)
1183 2537 1235 2608 in·

165 2646 284 2745 telligi
303 2644 439 2745 potest,
471 2643 624 2719 eandem
652 2643 885 2744 scriptionem
903 2642 1005 2721 suisse
1020 2649 1060 2721 in
1084 2647 1159 2724 hoc
1179 2671 1237 2724 co

166 2761 270 2847 dice,
298 2780 408 2857 quam
433 2759 666 2856 perturbatus
690 2757 849 2834 duorum
875 2758 1053 2835 soliorum
1080 2763 1120 2837 in
1147 2759 1237 2838 Pan·

165 2873 277 2950 dedis
296 2873 520 2952 Florentinis
545 2872 639 2947 ordo
659 2874 697 2946 in
726 2875 778 2947 tit.
805 2872 851 2948 de
877 2898 978 2972 regg.
997 2871 1072 2950 Iur.
1097 2877 1236 2975 vbique

164 2993 378 3076 inuenerat,
407 3003 603 3086 antequam
623 2989 771 3061 erroris
792 3011 810 3061 a
829 2985 1007 3065 Taurello
1023 2988 1238 3066 obseruatus

165 3118 203 3180 et
221 3106 266 3179 ab
284 3101 449 3180 Antonio
470 3099 675 3197 Augustino
691 3113 839 3178 notatus
866 3101 936 3178 suit
957 3108 1018 3197 g).
1079 3100 1237 3203 Expleta

166 3219 216 3294 est
245 3217 376 3294 lacuna
401 3217 446 3290 ab
472 3216 540 3289 alla
569 3239 682 3290 manu
719 3239 798 3290 vna
822 3241 906 3292 curn
944 3215 1058 3314 glossa
1092 3219 1180 3293 inde
1216 3244 1236 3295 a

163 3332 187 3407 l.
215 3346 301 3416 108.
331 3332 377 3406 de
394 3332 536 3406 verbor.
556 3328 671 3427 srgnis.
694 3352 810 3429 usque
834 3330 879 3406 ad
902 3329 1014 3406 linem
1032 3332 1135 3408 libri:
1173 3359 1235 3410 eo·

163 3449 248 3522 dem
273 3468 426 3545 quoque
444 3443 542 3519 tituli
559 3467 659 3541 regg.
677 3441 749 3520 Iur.
771 3459 808 3520 et
834 3444 961 3544 legum
985 3446 1126 3524 ordine.
1172 3447 1231 3525 ln-

163 3559 378 3658 quiliuiurus
402 3560 508 3634 etiam
538 3561 576 3632 in
601 3572 721 3634 cetera
744 3557 840 3642 loca
872 3585 917 3635 er
938 3562 1073 3659 quibus
1090 3559 1269 3668 Pande·

160 3675 235 3749 ttae
255 3697 302 3748 err
321 3670 461 3750 Codice
480 3671 697 3749 Florentino
719 3672 817 3749 ducti
843 3692 1057 3773 argumenta
1082 3680 1158 3776 peti
1177 3638 1269 3752 s0·l

55 3781 58 3788 '
161 3789 258 3863 lent:
304 3802 340 3865 et
363 3788 522 3863 vadimus
548 3789 657 3862 etiam
681 3790 720 3862 in
745 3787 839 3876 hoc,
886 3804 923 3865 vt
947 3794 986 3865 in
1014 3791 1093 3867 aliis
1119 3792 1269 3868 codd
1258 3751 1269 3823 l

161 3906 214 3978 tit.
240 3919 370 3996 8et9
403 3901 466 3977 lib
486 3898 700 3979 XXXVII
734 3899 803 3978 esse
826 3921 1077 4003 permutatos;
1113 3876 1269 3983 rubril

157 4040 236 4091 cam
259 4019 318 4092 seu
343 4015 569 4092 indicemtit
543 4027 675 4114 repro
697 4016 829 4124 somaro
867 4022 932 4118 qui
958 3992 1269 4118 exemplaribus

157 4133 421 4207 recentioribus
449 4130 591 4218 exulat,
636 4146 720 4209 ante
749 4132 861 4231 146.
901 4138 953 4210 tit.
985 4134 1031 4210 de
1056 4135 1269 4236 vsurpatr

890 4269 894 4271 ’
1192 4271 1228 4328 et

189 4490 229 4566 gl
254 4485 583 4552 N=.›:illirrrrrreliloctrs
597 4492 670 4554 Ant.
683 4490 846 4570 Augullin.
862 4490 1035 4555 limendett.
1054 4493 1095 4554 lib
1118 4495 1139 4561 1.
1156 4517 1181 4554 c.
1200 4514 1224 4559 r.
