710 1313
352 251 386 254 -
395 251 406 254 -
564 250 606 269 4¹9

66 285 155 311 gnoscite.
184 285 269 305 Multum
276 285 299 304 ab
308 291 374 304 eorum
383 285 485 304 rationibus
492 285 556 309 abfuit,
565 286 605 311 qui,

67 321 111 334 cum
124 314 208 333 viderent
224 314 243 333 in
256 314 361 332 ciuitatibus
370 314 435 334 nostris
447 317 466 333 et
477 315 558 339 imperiis
570 314 605 334 effe
624 313 626 315 ’

66 343 159 363 nonnulla
171 346 246 367 propter
259 346 374 367 temporum,
393 343 413 361 in
428 343 496 367 quibus
507 343 605 363 constitum

66 371 128 394 suere¹
150 371 250 390 barbariem
266 370 314 390 male
323 370 412 395 descripta
424 374 455 390 aut
467 372 522 390 etiam
534 371 565 390 vsu
573 371 606 391 de-

66 403 153 425 prauata,
168 399 262 419 societates
273 399 372 418 hominum
385 399 407 418 ad
422 399 507 418 ordinem
522 399 605 425 aliquem

66 428 176 450 naturalem,
189 434 245 453 quem
255 428 325 450 dicunt,
339 433 426 447 reuocare
436 428 540 451 voluerunt,
546 434 604 454 quem

67 457 80 477 si
95 457 214 482 sequerentur
229 456 323 479 homines,
347 457 399 476 breui
414 456 524 476 haberemus
543 458 605 477 omni-

67 492 94 505 no
113 491 147 505 nec
161 486 254 504 ciuitatem
271 491 306 504 nec
320 485 429 504 libertatem.
472 485 532 505 Simili
547 486 605 505 modo

67 514 80 534 ss
101 515 143 540 quis
159 518 190 533 aut
209 519 270 536 nunc,
300 517 331 533 aut
350 513 411 533 multo
430 515 489 538 magis
506 518 549 533 ante
568 514 604 534 hos

67 542 104 563 XL
120 549 189 565 annos,
212 542 329 561 Aoedemiam
345 542 425 561 condere
440 542 506 565 vellet,
528 543 605 568 qualem

69 571 106 596 ipsa
117 571 219 590 litterarum
230 577 252 590 ac
266 571 401 595 disciplinarum
415 570 486 590 subtilis
498 571 560 596 aliqua
572 572 605 590 de„

67 600 141 625 scriptio
153 600 261 625 postularet,
277 605 332 625 quarn
341 605 406 624 parum
418 599 450 618 ille
465 604 497 619 aut
506 601 549 625 reip.
558 606 604 619 con-

66 628 147 648 sulturus
160 632 191 648 aut
199 628 277 648 consilio
285 628 318 647 suo
329 628 458 653 prospecturus
470 627 522 647 esset!
551 628 605 652 Quid

68 656 134 677 enim?
156 657 281 677 Facultatibus
294 657 334 679 his,
356 662 401 682 quas
419 657 510 676 harbaries
525 658 604 679 inuexit.

67 686 183 711 proscriptis,
198 690 277 705 eruntne
289 686 321 710 qui
330 685 386 704 talem
396 685 507 705 academiam
517 686 605 711 frequen-

67 718 105 733 tare
115 714 186 733 velint?
215 713 325 736 Dossorunu
338 718 387 738 quos
396 718 468 736 vocant,
483 715 605 734 renuntiatio-

68 743 134 765 nibus,
150 743 266 762 examinibus
278 746 296 762 et
309 742 462 766 disputationibus
475 742 559 765 sublatis,
580 749 605 762 an

69 777 93 790 ex
106 771 141 790 hac
157 771 252 796 disciplina
260 770 367 796 progressos
379 771 423 790 loco
433 771 497 796 aliquo
508 771 605 791 habendos

69 799 174 825 putabunt?
202 799 267 819 Minus
275 799 343 821 calide,
358 803 377 818 et
385 805 408 819 eo
415 799 513 824 sapientius
521 799 606 819 Mvncu-

70 834 147 847 nvsws:
172 827 239 847 Noluit
249 828 326 848 nimium
337 827 429 847 discedere
442 828 465 847 ab
476 829 551 853 antiqua
565 834 606 847 aca-

69 857 172 876 demiarum
183 857 243 876 forma
255 862 275 875 ac
283 857 364 878 ratione,
380 856 409 876 sed
422 862 450 876 res
462 856 527 876 maluit
541 863 563 876 eo
573 857 606 876 de-

69 886 148 908 ducere,
164 889 183 905 vt
194 885 239 904 facie
247 889 323 904 externa
335 885 399 904 eadem
409 885 477 905 seruata
488 885 561 905 indoles
576 891 605 905 ea-

69 920 111 933 rum
122 918 141 933 et
151 917 215 933 natura
226 914 363 937 emendaretur3
378 913 439 936 labes,
452 914 465 933 fi
474 920 511 940 qua
522 914 606 933 inhaere-

69 947 106 964 ret.
123 942 186 962 senfin·
196 942 297 968 sensimque
305 942 406 964 elueretur.
420 943 515 967 integritas
523 947 542 962 et
549 943 607 962 fince-

68 972 112 990 ritas
121 977 160 990 non
169 971 357 991 animaduertentibus
366 971 493 990 restitueretur.
513 970 606 994 Omnino,

69 998 83 1018 fi
92 999 137 1024 quid
151 999 216 1022 video,
229 1000 288 1019 maior
299 1000 339 1019 eius
349 999 374 1019 est
387 999 483 1025 sapientia,
498 1000 536 1025 qui,
546 1005 607 1025 quum

69 1027 153 1047 laborare
170 1034 199 1047 res
216 1028 305 1047 humanas
326 1028 362 1047 suis
383 1028 520 1047 infirmitatibus
539 1028 606 1051 videat,

70 1061 114 1076 cum
123 1056 161 1076 fine
173 1063 239 1082 magna
251 1057 304 1077 ruina
315 1060 347 1076 aut
357 1056 420 1076 saltem
428 1056 565 1076 labesassatione
575 1062 607 1076 eo-

57 1091 121 1110 stam.
135 1091 183 1111 quae
191 1085 238 1105 salua
246 1085 298 1108 sunt.
313 1085 413 1105 commode
420 1089 439 1105 et
448 1085 516 1105 vtiliter
526 1085 608 1104 succurri

69 1119 109 1133 non
122 1113 171 1139 poss‘e
183 1114 254 1137 videat,
269 1113 379 1133 diffimulare
392 1120 421 1133 eas
430 1114 483 1133 malit
491 1117 509 1133 et
516 1114 571 1134 tacite
579 1119 607 1133 re-

70 1142 131 1163 media
143 1143 244 1168 applioere,
258 1143 326 1168 quibus
337 1143 363 1162 vis
372 1143 416 1162 mali
424 1142 478 1168 poffit
489 1146 520 1162 aut
531 1142 607 1168 reprimi

69 1174 102 1191 aut
113 1171 197 1191 diminui.
531 1171 538 1175 χ

323 1198 361 1220 Dd
374 1206 386 1220 2
535 1198 609 1219 Interea
