710 1313
243 223 386 235 d
543 236 583 256 3¹7

51 279 71 293 ea
89 271 206 297 supelleffilis
222 271 319 291 litterariae
335 278 377 297 pars
390 271 499 292 Academiae
510 272 583 296 aberret.

51 307 98 327 quae
106 305 181 320 naturae
193 301 256 325 copias
267 301 287 319 in
298 300 329 320 sua
341 306 409 325 genera
421 305 440 320 et
448 300 510 320 classes
526 302 585 321 distri-

51 331 104 350 butas
115 329 245 355 speciminibus
258 332 277 348 et
291 329 426 354 exemplaribus
444 329 534 349 illustrat:
563 336 585 350 ea

51 364 113 379 autem
129 358 141 378 si
159 364 272 380 careremus,
297 357 389 377 librorum
408 361 481 378 tantum
496 362 585 384 apparatu

51 388 143 409 contenti,
159 387 217 406 altero
231 386 288 406 oculo
296 390 349 406 acute
359 392 442 409 cernere,
456 387 515 407 altero
524 387 537 407 si
545 393 586 407 non

51 416 142 436 caecutire
150 415 212 435 saltem
221 415 300 440 caligare
309 418 328 434 et
335 415 402 440 lippire
410 415 523 435 videremur:
536 422 585 441 quae

51 445 102 464 enim
111 444 206 469 disciplina
215 448 290 463 naturae
299 444 407 468 cognitione
415 443 510 464 subtiliore
521 450 586 464 vacare

51 473 119 498 potest,
134 476 153 492 et
165 477 226 492 tamen
238 472 331 491 dominae
341 476 435 492 accuratae
444 473 520 492 nomine
529 473 585 498 digna

51 501 122 521 videri?
151 499 211 526 Aug'fl'
219 500 276 526 Regis
285 500 411 520 munificentia
420 501 501 524 summa,
514 506 535 521 et
540 501 586 521 Col-

51 530 103 556 legae
117 530 183 552 nostri,
198 528 379 552 Exemissnnnm,
395 528 437 549 Viri
447 530 547 555 multiplici
555 536 586 550 va-

51 560 115 584 riaque
136 558 218 578 doctrina
233 558 305 581 ornati,
332 557 441 577 liberalitate
459 562 478 578 et
494 559 585 584 generoso

51 587 159 608 Academiae
173 587 295 612 publicaeque
309 586 391 606 vtilitatis
401 586 471 610 studio,
487 591 585 612 apparatus

51 616 159 636 Academiae
169 615 213 635 huic
224 615 301 640 obtigit,
314 615 347 640 qui
358 621 397 634 non
408 615 466 635 modo
474 616 585 636 naturalium

51 651 113 664 rerum
122 644 185 669 copias
194 643 330 669 compleditun
346 649 410 663 verum
420 644 475 663 etiam
484 650 586 668 numerum

51 674 153 699 priscorum
166 676 185 692 et
192 673 317 692 recentiorum
328 672 386 692 diuite
394 675 453 698 penu,
473 676 491 692 et
504 679 586 698 gemnia-

51 708 93 721 rum
107 707 153 726 gaza
163 701 257 726 locuplete
268 701 354 720 instruxit
365 707 410 720 nos:
423 702 477 726 isque
489 707 586 727 apparatur

51 731 78 750 ita
90 730 113 749 ad
123 734 194 749 certum
205 735 267 749 rerum
278 729 364 748 ordinem
375 735 396 749 ac
409 729 485 755 systema
497 730 586 755 collectus

52 759 78 778 est
88 763 107 778 et
121 758 210 783 digestus,
231 762 252 777 vt
259 758 345 777 omnium
353 764 444 783 generum
455 759 540 784 exempla
554 759 586 778 ad.
615 778 617 782 ,

52 788 88 807 fint
99 787 198 806 luculenta.
228 786 262 806 His
273 787 330 811 igitur
342 787 398 806 nouis
412 787 472 812 iisque
485 786 586 812 splendidis

52 816 172 835 incrementis
181 816 201 834 in
213 814 331 835 Academiam
341 815 527 835 nostram-cumulatis
535 817 587 840 anni-

53 844 152 864 versarium
163 844 200 863 hoc
207 843 291 863 sollenne
305 844 372 863 merito
386 844 434 863 inter
441 843 585 869 supplicationes

52 878 76 893 er>
85 873 218 898 gratulationes
236 873 311 897 exigere
329 872 425 891 decretum
437 872 467 891 est.
509 872 586 895 Publice

52 902 128 927 quidem
138 901 181 920 illae
188 900 306 920 habebuntur
316 901 335 920 in
344 901 417 926 templo
424 901 530 921 academico
539 902 588 921 inter

52 930 165 950 sollennium
175 935 235 954 genus
244 929 305 951 aliud,
326 929 379 954 quod
391 930 411 948 in
427 929 479 949 hunc
489 930 539 950 diem
551 930 587 950 dif-

53 959 100 979 ferre
108 958 183 984 placuit.
213 957 355 977 Transferentur
365 959 415 977 enim
422 958 536 983 magistratus
546 965 587 979 aca-

53 988 120 1007 demici
132 987 219 1012 insignia,
233 992 281 1012 quae
293 992 325 1012 per
336 992 406 1006 annum
418 990 438 1006 et
445 987 496 1012 quod
505 989 587 1007 excurrit

52 1017 72 1035 in
84 1022 119 1035 vna
127 1015 229 1040 eademque
239 1015 297 1035 domo
306 1015 387 1038 fuerunt.
399 1015 437 1035 hoc
446 1015 485 1041 ipso
493 1015 523 1035 die
534 1020 587 1036 extra

51 1045 137 1064 ordinem
150 1045 169 1063 in
177 1043 244 1063 Virum
255 1044 318 1066 annis,
332 1044 412 1066 meritis,
426 1044 520 1064 doetrinae
528 1045 588 1070 copiis

52 1074 161 1098 ingeniique
174 1076 193 1091 et
202 1078 277 1092 morum
286 1072 388 1091 vrbanitate
400 1073 531 1096 venerabilem,
542 1073 588 1093 Col-

51 1102 113 1127 legam
127 1100 295 1122 honoratiffimum‚
308 1100 481 1124 coniunctiffimum,
499 1113 501 1115 v

93 1139 95 1142 ⁴
109 1129 152 1149 GE.
183 1128 347 1149 HENRlCVM
376 1128 476 1150 AYRER
503 1129 528 1149 D.

51 1159 104 1179 euius
115 1158 218 1183 vigilantia,
231 1158 328 1183 prudentia
334 1161 353 1177 et
361 1158 471 1181 constantia,
484 1158 534 1184 spem
543 1158 588 1178 facit

517 1190 587 1207 certam
