2566 4906
548 550 904 594 “m

227 583 278 678 96

223 765 361 828 temere
380 746 512 827 fadum
533 760 661 848 putare
684 749 886 839 malumus,
918 773 1049 850 quam,
1075 752 1230 852 'quanqu

224 868 297 966 ipse
321 865 394 942 hoc
418 864 535 940 facere
562 863 723 953 videtur,
752 866 908 941 alterum
931 866 1079 942 alterius
1102 865 1217 941 simile

224 982 360 1060 bitrari.
419 975 595 1055 Ceterum
616 979 706 1055 dum
733 980 779 1055 de
798 981 866 1055 hac
884 981 1062 1056 cauillandi
1082 979 1230 1079 licentia]

226 1091 446 1186 Charondae
477 1093 599 1190 legem
626 1097 660 1168 in
680 1095 921 1196 sycophantas,
958 1095 1136 1190 impudicos
1159 1108 1230 1172 ein

224 1210 383 1313 curiosos,
412 1202 564 1309 permiffa
593 1211 757 1306 agimus,
792 1204 954 1308 Lycurgi
979 1208 1186 1285 institutum
1209 1209 1230 1285 il

224 1327 332 1402 strare
354 1321 499 1416 iicebit.
528 1345 605 1421 quo
629 1323 792 1398 cauiiiari
818 1339 855 1398 et
877 1323 1023 1399 dideria
1045 1327 1161 1400 iacere
1183 1321 1230 1400 aii

151 1524 155 1532 ,
224 1439 408 1519 faciebant
436 1458 570 1536 pueros
593 1436 675 1512 suos
693 1431 976 1514 Lacedaemonii
999 1443 1039 1528 i).
1116 1439 1230 1538 Spedr

88 1574 95 1587 ‘
226 1558 327 1633 enim
343 1547 443 1630 Laco
459 1550 604 1627 videtur
620 1553 753 1650 partim
770 1552 864 1639 hoc,
899 1566 939 1626 vt
954 1554 1102 1650 ingenia
1118 1577 1230 1629 acuer

225 1684 264 1747 et
288 1691 374 1744 cum
400 1665 559 1744 sollertia
583 1664 803 1744 hilaritatem
817 1665 977 1765 aliquam
999 1666 1230 1742 induerenta

225 1787 314 1871 mis,
357 1784 490 1882 partim
507 1793 547 1854 vt
570 1780 793 1858 cauillorum
817 1795 854 1856 et
876 1779 1112 1857 dideriorum
1143 1780 1225 1857 acui

229 1896 504 1977 extimescentes
526 1896 630 1992 pueri
655 1893 748 1970 nihil
768 1894 873 1970 stulte
896 1894 956 1970 vel
982 1917 1093 1993 praue
1120 1918 1230 1972 cornu

225 2026 364 2099 terent,
409 2031 487 2108 quo
518 2007 697 2084 sodalium
724 2007 856 2084 salibus
881 2007 1131 2107 perfricandus
1163 2009 1199 2085 se
1225 2026 1230 2079 ι

228 2127 367 2203 desem
428 2122 530 2201 Haec
553 2123 704 2220 quidem
723 2122 803 2199 hac
806 2146 907 2198 enus
966 2118 1053 2199 Ρ..Ρ
1077 2147 1107 2198 a.
1127 2122 1161 2199 d.
1178 2119 1230 2283 Χ

229 2240 327 2340 Sept.
360 2236 639 2321 cloloccmix.

265 2454 304 2536 i)
325 2474 355 2520 v.
377 2450 509 2543 Cragius
528 2450 567 2514 de
590 2467 656 2533 rep.
677 2448 752 2516 Lac.
789 2447 843 2513 lib.
851 2446 909 2514 111.
930 2453 994 2520 t.8.
1016 2443 1084 2510 inst.
1094 2457 1125 2517 8.
