2542 5010
143 627 197 701 92
1205 621 1258 749 t*

142 777 314 856 adulterii
332 762 419 866 sere,
448 773 566 852 caedis
582 799 623 851 ac
638 775 796 873 rapinae,
824 771 1030 873 similiaque
1051 766 1216 862 criminas*
1232 821 1265 871 1

144 895 279 994 quibus
302 891 379 968 ille
404 893 632 969 contaminet
655 890 809 986 aliquis,
842 890 898 964 vir
917 889 1039 964 bonus
1056 882 1125 961 elle
1148 909 1207 959 ne-·
1230 938 1265 986 Ξ

8 1099 13 1107 q
143 1011 249 1106 quit,
274 1004 459 1086 substitisse
481 1004 643 1096 videtur3
674 1001 737 1078 nisa
762 1001 866 1102 quod
888 1002 935 1078 de
958 1002 1112 1100 magicis
1130 1001 1203 1074 arti·
1234 1047 1265 1098 ἶ

143 1122 233 1210 bus,
277 1133 314 1197 et
335 1122 521 1218 impietate
544 1106 958 1217 suspestaque'religiofi
983 1115 1108 1194 cultus
1134 1114 1200 1190 sor·
1242 1160 1265 1205 :

143 1234 245 1354 mula
267 1233 470 1334 quaesitum
495 1241 680 1333 praeterea
708 1232 779 1307 suit
801 1223 849 1332 e).
1244 1263 1246 1269 π

258 1446 385 1529 Omne
414 1463 540 1526 tamen
562 1451 785 1526 indiciorum
809 1474 927 1548 genus
946 1451 1052 1537 (nam
1068 1447 1114 1524 de
1137 1471 1205 1524 ma·

143 1556 274 1643 iestatis
296 1564 502 1653 delatione,
537 1585 648 1664 quam
674 1588 786 1646 nemo
810 1563 883 1641 ime
909 1563 1067 1641 horrore
1094 1564 1207 1638 nomi·

145 1695 226 1768 nat,
258 1702 334 1756 non
356 1681 524 1778 agimus)
554 1681 592 1752 in
613 1678 719 1755 nullo
736 1678 880 1779 populo
898 1700 940 1754 ac
953 1700 1028 1777 rep.
1050 1677 1205 1761 retineri,

144 1794 266 1872 multo
291 1796 413 1869 minus
435 1790 561 1890 recipi,
588 1793 716 1891 potest,
742 1793 1044 1893 quandocunque
1064 1814 1208 1867 morum

145 1911 335 2007 integritas
356 1905 519 2006 fidesque
542 1910 692 2005 antiqua
717 1909 923 2005 corrumpi,
953 1921 1094 1982 etcum
1118 1906 1208 1980 diui·

145 2026 279 2103 tiarum
309 2043 499 2121 opumque
522 2020 640 2096 studio
659 2019 964 2120 sycophantarum
988 2020 1211 2097 delatorum·

72 2166 75 2175 ’
146 2158 220 2236 que
246 2135 428 2213 calumnia
451 2148 488 2210 et
509 2134 646 2210 malitia
673 2135 911 2236 iudicumque
928 2137 1078 2211 auaritia
1095 2149 1133 2209 et
1149 2156 1209 2208 cu·

144 2249 277 2349 piditas
292 2245 436 2347 grassari
450 2250 582 2347 coepit.
642 2246 806 2349 Fingunt
823 2250 974 2348 quidem
991 2248 1210 2349 plerumque

145 2361 248 2463 leges
274 2363 470 2439 hominum
493 2364 663 2461 ingenia3
702 2389 771 2438 nec
789 2377 909 2440 tamen
938 2367 1060 2439 minus
1086 2362 1211 2460 legum

146 2494 294 2554 naturas
314 2475 512 2553 hominum
528 2478 675 2575 ingenia
698 2491 912 2578 temperant.
972 2475 1056 2554 Nec
1073 2476 1211 2575 scriptis

145 2593 185 2668 in
210 2590 449 2690 sycophantas
473 2604 511 2666 et
535 2589 815 2668 calumniatores
840 2591 985 2690 legibus
1019 2590 1065 2666 ad
1089 2613 1212 2666 rerum

147 2705 326 2783 summam
341 2703 502 2782 multum
520 2699 614 2778 effici
629 2720 823 2804 potamum
851 2703 911 2780 etsi
920 2703 1085 2782 Thurios
1100 2707 1212 2780 etiam

145 2819 269 2919 legem
290 2815 450 2896 habuisse
466 2821 764 2902 memorauimus,
796 2843 868 2919 qua
885 2818 991 2896 falsae
1007 2819 1215 2897 calumniae

148 2958 271 3041 poena
301 2932 536 3032 infligebatur
567 2932 676 3022 haec,
726 2947 765 3010 vt
790 2938 914 3038 myrica
946 2944 1122 3010 coronatur
1156 2956 1214 3009 ca-

150 3048 351 3125 lumniator
383 3070 449 3146 per
483 3048 610 3122 vrbem
638 3048 983 3125 circumduceretur.
1059 3045 1213 3148 myrica,

149 3162 255 3261 quod
277 3163 455 3236 tamaricis
481 3183 599 3259 genus
623 3161 691 3250 est,
721 3177 914 3262 propterea
932 3162 978 3238 ad
999 3160 1096 3237 hanc
1122 3185 1214 3238 con-

149 3274 340 3352 tumeliam
361 3269 497 3350 delecta
523 3271 592 3349 effe
616 3274 781 3366 videtur,
810 3277 912 3376 quod
935 3275 1065 3352 infelix
1090 3278 1121 3351 is
1138 3276 1214 3351 sru-

149 3403 213 3466 tex
234 3388 400 3476 habitus,
437 3389 575 3487 quippe
599 3391 664 3488 qui
688 3392 782 3466 circa
806 3390 887 3470 saxa
910 3389 1066 3467 solitaria
1074 3392 1102 3491 f
1103 3388 1121 3488 )
1145 3388 1216 3465 ser·

149 3517 233 3604 pat,
250 3500 433 3612 adspectu
464 3524 598 3602 parum
615 3517 749 3603 gratus.
814 3501 939 3582 Poena
972 3519 1095 3582 autem
1120 3503 1221 3694 ωΙὲεὲ

1116 3641 1168 3719 qu

193 3806 234 3887 a)
258 3820 291 3870 v.
315 3803 480 3870 Boehmeri
502 3805 554 3877 luc
574 3807 682 3872 eccles.
707 3807 834 3875 proten
868 3809 987 3876 lib.lll.
1014 3819 1039 3877 t.
1050 3830 1102 3892 ³⁹·
1128 3811 1216 3892 §sp

265 3897 305 3967 ⁶³
327 3889 389 3973 sqq.
430 3899 463 3951 et
493 3910 591 3967 nuper
623 3891 764 3964 Knopia·
784 3895 822 3954 de
844 3894 968 3956 iudiciis
990 3895 1218 3970 Hassrac.med,

265 3974 336 4037 soe.
361 3973 412 4053 (Ρ.
423 3972 450 4040 l.
471 3991 529 4037 von
542 3974 597 4038 den
611 3973 774 4062 Hefflsciun
788 3977 884 4064 grisii.
901 3979 964 4043 und
983 3978 1082 4044 diois-
1093 3974 1219 4042 (ierich-

265 4066 315 4120 ειη
336 4053 437 4120 lust·
466 4057 522 4125 1V.
532 4054 629 4124 Abtt.
663 4062 737 4141 §83
760 4063 843 4144 sqq.)
884 4063 1047 4140 Originem
1071 4065 1144 4125 inde
1162 4064 1220 4122 du·

265 4156 337 4203 cere
358 4142 501 4202 videntur
521 4147 664 4210 corveaei
687 4158 719 4206 et
738 4146 858 4210 indicet
877 4146 909 4209 in
931 4142 1219 4229 Wurtembergenl'.

264 4222 367 4296 terris,
394 4223 657 4292 Gemeirrsmilrmer
674 4227 866 4309 disti‚·quos
894 4229 1051 4294 Keirlerua
1067 4238 1222 4293 memorat

265 4305 305 4371 T.
317 4309 338 4369 l.
363 4322 461 4389 p.80.-
496 4312 557 4376 Sed
575 4315 613 4374 de
636 4313 687 4375 his
709 4313 940 4396 circumspicere
958 4334 1023 4380 nou
1048 4326 1178 4389 tarent.⁸

191 4414 236 4498 f)
257 4383 299 4482 'ct
325 4415 511 4496 auntxm,
528 4437 581 4489 ιι.
607 4419 698 4502 tar·
