2566 4906
450 589 736 648 a
1076 617 1126 707 65

54 777 160 856 Certe
187 777 228 853 in
255 771 468 853 Eusebiano
493 766 683 847 Chronico
716 768 763 847 ad
797 766 862 853 Ol.
881 767 1038 853 XXIX.
1066 775 1131 854 ad·
1169 749 1174 760 ’

54 893 229 994 scriptum
252 904 346 967 erate
382 887 560 964 Zaleucum
582 883 729 961 haum
752 897 829 963 tuuc
847 885 994 993 slorurffe
1017 885 1068 992 e).
1128 943 1131 954 ,

37 1165 38 1168 ,
154 1089 280 1201 Ωιιαε
304 1089 379 1169 alia
398 1087 445 1164 de
475 1084 640 1164 Zaleuoo
675 1082 806 1161 tradita
838 1082 943 1176 sunt,
986 1091 1128 1192 quippe

37 1211 38 1215 '
57 1221 165 1283 etam
184 1218 328 1307 remota
347 1203 585 1303 antiquitate,
616 1221 694 1275 non
709 1200 825 1296 magis
841 1198 992 1299 aliunde
1013 1226 1129 1307 quarn

57 1323 150 1396 lama
173 1330 326 1414 accepta
358 1315 499 1391 tradere
522 1328 678 1411 potuere
701 1310 892 1412 scriptores
901 1315 961 1415 s).
1029 1314 1127 1397 Eum

57 1431 221 1512 Locrum
256 1427 359 1507 fuisse
388 1430 579 1506 oommuni
614 1423 686 1502 fide
719 1427 885 1526 produnt
920 1427 1125 1529 scriptores.

38 1555 42 1592 s
59 1547 176 1642 Quod
219 1542 345 1647 Λόκρον
369 1541 406 1618 ἐκ
430 1541 580 1645 Θουρίου
617 1539 791 1616 traditum
823 1540 990 1620 videmus
1028 1544 1131 1645 apud

42 1652 228 1747 ¹suidam,
261 1678 391 1757 parurn
413 1668 510 1731 certa
530 1651 602 1729 fide
626 1655 772 1747 nititur,
810 1678 916 1746 cum,
946 1658 1043 1734 vnde
1064 1659 1126 1738 hic

42 1775 116 1852 'lna
138 1772 311 1859 hauserit,
336 1793 414 1846 non
438 1769 578 1845 constet
585 1791 597 1862 3
627 1767 725 1867 apud
750 1767 910 1845 cundem
925 1794 996 1871 pro
1012 1775 1129 1872 patria

60 1885 187 1966 obiisse
211 1898 376 1961 narratur
402 1881 616 1982 pugnando.
684 1878 729 1958 In
757 1905 803 1958 co
827 1898 952 1961 autem
974 1884 1128 1965 haeren-

42 2005 149 2093 dum
176 2024 258 2101 non
282 1998 350 2098 est,
394 2019 464 2073 nec
493 1996 567 2072 hoc
590 1994 717 2071 fraude
750 2010 813 2073 aut
837 1997 961 2076 astutia
988 2000 1131 2102 sallum,

41 2115 289 2201 dicendum,
348 2111 451 2210 quod
480 2133 500 2185 a
522 2109 694 2186 Minerua
717 2099 818 2208 leges
850 2111 927 2188 suas
954 2114 1132 2215 accepisse,

61 2247 225 2306 narratur
240 2225 304 2323 g);
331 2247 378 2300 ex
396 2227 634 2322 antiquorum
651 2223 845 2300 hominum
863 2226 976 2316 sensu,
1001 2233 1043 2317 is,
1061 2231 1128 2329 qui

21 2387 23 2390 ·
62 2341 243 2419 eiusmodi
272 2334 363 2438 quid
396 2338 675 2438 pronuntiabat,
714 2352 799 2413 tum
824 2336 895 2415 fide
919 2341 956 2417 id
986 2342 1127 2422 tradere

37 2470 213 2560 poterat
272 2451 398 2531 Nemo
422 2453 522 2528 enirn
546 2454 600 2528 vir
622 2477 760 2549 mugnus
776 2455 847 2556 fiae
869 2454 981 2557 aliquo
1008 2463 1127 2559 afflata

942 2633 946 2641 .
1010 2572 1126 2649 diuino

55 2791 62 2812 ³
96 2785 137 2867 a)
160 2775 350 2848 Ζᾶλιυκοςδ
373 2775 538 2858 νομοθέτης
557 2774 682 2863 Anepsia
700 2769 833 2863 ἤκμαζε.
875 2778 968 2854 Quod
986 2801 1036 2863 ap,
1054 2784 1128 2851 Aria

53 2864 65 2920 :³
167 2865 243 2929 stot.
267 2865 305 2924 de
323 2853 456 2944 Repsl,
477 2879 523 2930 12.
547 2860 602 2922 ille
620 2883 636 2922 a
659 2862 819 2924 nonnullis
840 2858 987 2944 dupaarlc
1009 2866 1128 2932 Thala.

168 2948 214 3012 tia
237 2945 419 3010 lThaletae
433 2941 585 3009 Cretenfia
605 2945 709 3008 editua
731 2962 812 3016 erat,
836 2947 873 3005 ad
896 2948 999 3027 paullo
1020 2952 1126 3017 rudio-

56 3036 58 3039 ’
168 3052 238 3096 rem
258 3029 454 3113 antiquitatis
475 3028 711 3091 declarationem
733 3027 868 3109 spel'tare
889 3043 974 3112 puta.

60 3210 63 3215 κη
94 3166 137 3250 s)
158 3164 332 3246 Imaginem
354 3164 423 3228 eins
446 3162 575 3230 Vrfinua
596 3162 679 3225 inter
702 3163 819 3244 lmrgg.
844 3183 875 3227 n.
889 3181 949 3244 150
967 3189 1005 3233 eu
1028 3184 1131 3236 nnmo'

62 3253 66 3261 ²
172 3262 325 3332 argenteo
349 3247 497 3329 protulit,
538 3245 588 3309 sed
619 3246 680 3309 tuit
699 3247 753 3308 ille
778 3247 967 3313 adulteratus
999 3257 1128 3321 nomine

170 3333 300 3396 Zaleuci
321 3330 492 3412 insculpto;
534 3331 578 3394 est
598 3329 683 3393 enim
701 3343 794 3414 capnt
814 3330 903 3405 Jovls
920 3334 952 3397 in
974 3337 1043 3402 aliia
1063 3339 1128 3405 Lo·

171 3415 326 3480 creufium
345 3415 449 3478 numia
471 3415 611 3479 obuium.
1085 3453 1088 3459 -

41 3615 42 3618 ,
70 3541 72 3543 ’
101 3553 151 3638 1)
180 3551 259 3616 Cum
289 3547 448 3638 Aristotele
473 3550 568 3612 etism
598 3545 815 3624 Chamaeleon,
857 3550 926 3616 elna
946 3553 1127 3637 distipulua,

173 3639 257 3700 idem
288 3637 470 3707 tradiderat,
505 3632 580 3698 teste
601 3633 698 3697 Clem.
717 3634 808 3698 Alex.
835 3635 949 3700 Strom.
964 3638 988 3701 l.
1012 3658 1040 3717 p.
1053 3656 1127 3720 352,

174 3735 209 3784 et
228 3719 384 3801 scripserat
409 3718 462 3780 ille
487 3718 592 3797 plures
611 3714 702 3783 Vitas
726 3719 845 3796 (βίους)
867 3721 898 3781 in
920 3722 1033 3800 quibua
1050 3726 1129 3789 adeo

39 3807 44 3876 l
174 3815 209 3867 et
229 3801 355 3904 Zaleuci
371 3802 465 3863 vitam
480 3795 577 3892 ⁴inille
593 3801 718 3871 credaa,
741 3799 798 3898 nist
815 3802 959 3899 Clemens
972 3805 1128 3875 adiecisset

52 3996 53 3999 Ὗ
174 3885 361 4042 :stunt
377 3882 487 4050 tlar-
499 3882 924 4048 ,sterterent
940 3874 1045 4048 tls
1061 3891 1131 4039 tt:

175 4069 245 4115 cnm
265 4051 302 4114 ad
317 4054 409 4114 vitam
426 4048 552 4113 Homeri
566 4061 599 4112 et
613 4047 736 4112 Hefiodi
752 4048 876 4127 lpastat.
920 4052 1128 4134 Plutarchum,

174 4134 282 4203 Valet.
301 4135 382 4199 Max.
406 4132 659 4205 Theodoretum.
691 4133 806 4213 quide
830 4131 965 4198 Minerva
984 4136 1016 4198 in
1042 4141 1131 4202 ruri·

175 4219 256 4283 lium
282 4241 301 4282 a
322 4215 456 4282 Zaleuco
483 4228 589 4277 vocata
616 4216 698 4277 idem
722 4216 924 4293 tradiderant,
954 4221 1015 4283 iam
1034 4221 1130 4290 Bent-

56 4293 58 4300 ²
174 4303 257 4366 lelna
278 4301 429 4366 excitauit
449 4312 483 4364 et
497 4299 613 4363 labric.
629 4299 663 4364 Β.
672 4299 727 4364 Gr.
751 4299 812 4366 Το.
823 4302 847 4366 l.
875 4321 906 4384 p.
916 4319 988 4380 531.
1063 4339 1067 4345 ·

1 4459 3 4494 ÷
46 4301 67 4650 ὑ
122 4428 235 4513 nequ
252 4427 362 4514 epm.
376 4425 463 4492 acm.
489 4423 558 4492 ror.
572 4414 627 4487 rr:
681 4428 686 4438 ·
760 4398 795 4479 ·E
867 4415 869 4418 ·

54 4700 57 4748 l

35 4818 49 4857 f
