2542 5010
471 219 488 238 aa!

146 630 227 705 134
522 589 820 683 'zzz

146 766 278 863 Athen.
301 777 367 858 l.c.
391 800 427 881 p.
444 797 533 873 522.
559 801 593 875 3.
624 778 687 855 vbi
702 778 810 879 plura
824 774 879 855 de
902 777 948 856 iis
974 794 1014 856 et
1036 780 1084 875 de
1106 780 1194 882 Japy
1237 876 1238 879 p

144 895 255 996 gibus
287 908 325 971 et
349 885 499 996 Siritis.)
1205 940 1207 945 ι

259 1091 507 1194 Sybaritarum
536 1090 726 1192 superbiae
759 1107 797 1169 et
823 1092 1052 1193 artogantiae
1080 1090 1205 1191 potili-

143 1228 249 1286 mum
276 1205 491 1306 exemplum
518 1204 643 1306 paffim
668 1220 914 1295 memoratur,
953 1206 1059 1306 quod
1083 1204 1206 1307 Olym·
1241 1277 1242 1280 r

142 1321 305 1421 piorum
319 1318 498 1398 sollennia
520 1319 669 1398 abolere
694 1325 819 1398 conati
844 1319 946 1409 sunt,
979 1319 1204 1407 inditiislub

143 1433 246 1514 idem
267 1447 413 1533 tempus
444 1433 543 1512 ludis
571 1436 612 1511 in
635 1432 696 1511 sua
727 1436 817 1512 vrbe
847 1433 986 1510 maiore
1019 1427 1204 1532 apparatus

142 1546 426 1649 magnificentia,
449 1549 619 1648 praemiis
634 1546 876 1647 amplioribus
896 1546 1107 1647 propofitis,
1134 1549 1206 1647 qoi-

143 1663 216 1743 bus
251 1675 402 1740 auocata
439 1661 642 1740 multitudo
686 1657 887 1762 Olympiae
926 1661 1207 1762 infrequentiam

142 1775 344 1869 faceretn).
403 1772 590 1854 Videntur
612 1789 734 1854 autem
751 1776 997 1877 Sybaritarum
1023 1799 1082 1851 res
1100 1779 1209 1854 maxi·

143 1913 205 1971 me
242 1887 529 1968 floruiffewcirca
570 1885 723 1992 Olymp.
752 1886 794 1969 L.
844 1911 923 1989 quo
958 1886 1209 1989 Smindyridae

140 2002 243 2080 illius
270 2003 360 2080 fallu
387 2016 424 2080 et
448 2002 594 2082 luxuria
621 2000 794 2083 notissimi
829 2003 972 2083 mentio
1003 2000 1055 2086 fit.
1131 2001 1210 2082 Fuit

143 2118 244 2193 enim
275 2118 370 2193 inter
404 2132 559 2217 procos.
606 2119 672 2217 qui
705 2115 903 2217 Sicyonem
943 2115 1207 2207 confluxerant,

140 2227 333 2331 propofito
359 2254 378 2306 a
402 2228 587 2310 Clisthene
621 2253 687 2332 per
717 2253 938 2332 praeconem
966 2227 1060 2306 filiae
1091 2234 1210 2310 matri·

140 2345 292 2436 monio;
339 2344 486 2443 quade
518 2367 557 2422 re
581 2343 728 2444 copiose
758 2357 879 2421 narrat
909 2341 1128 2423 Herodotus
1152 2338 1207 2446 o).

140 2453 325 2536 Feruntur
349 2481 438 2535 vero
463 2456 647 2558 Sybaritae
672 2458 744 2534 deo
762 2455 932 2535 consulto
954 2456 1089 2535 sortem
1114 2482 1210 2537 acco·

139 2567 249 2671 pilio,
288 2571 323 2646 se
347 2594 464 2672 opum
489 2585 527 2649 et
551 2571 766 2650 deliciarum
791 2570 893 2650 vium
916 2570 1108 2656 habituros
1133 2597 1212 2674 per·

139 2700 297 2786 petuum
327 2700 365 2761 et
383 2684 569 2774 securum,
599 2685 720 2762 donec
740 2708 880 2763 numen
903 2683 1051 2766 mortali
1069 2687 1212 2785 postha-

137 2800 298 2876 buerint
359 2795 515 2879 Oraculi
544 2813 722 2876 euentum
746 2798 854 2901 apud.
868 2794 1098 2878 Athenaeum
1117 2798 1208 2900 (lib.

136 2908 227 2992 Xll.
260 2937 294 3014 p.
312 2934 400 3006 520.
422 2910 465 3001 A,
478 2909 518 2993 B.
553 2925 590 2989 et
611 2912 838 3012 Stephanum
867 2913 907 2986 in
932 2908 1118 3012 Σύβαρις)
1151 2938 1213 2992 co·

136 3026 300 3125 gnoscat.
314 3029 379 3132 qui
398 3026 509 3103 volet
565 3023 621 3104 Ad
638 3051 723 3103 eum
741 3026 912 3103 videntur
928 3021 997 3102 esse
1012 3026 1214 3119 referenda,

138 3162 234 3245 quae
263 3140 439 3218 Aelianus
464 3152 586 3220 narrat
610 3137 657 3219 V.
674 3136 808 3231 illu,
828 3162 893 3238 43.
952 3136 1128 3243 Responfi
1155 3165 1213 3219 ac·

1112 3257 1211 3359 cepti

178 3472 217 3557 u)
240 3471 399 3556 scymnus
420 3495 452 3540 v.
465 3491 528 3556 347
545 3476 607 3560 sqq.
642 3498 680 3542 ax
707 3476 872 3542 Heraclide
898 3476 938 3540 de
963 3473 1082 3541 Iustitia
1115 3477 1215 3542 arhe-

252 3558 431 3621 memte.
456 3576 556 3641 pst!
582 3560 614 3627 1¹.
668 3562 711 3626 Et
730 3562 805 3625 hine
827 3559 1024 3624 illustrando·
1044 3560 1216 3646 Dionysius

247 3640 368 3721 Perieg.
382 3658 484 3722 3724
514 3662 597 3789 3ου·
619 3644 743 3719 verior,
769 3645 815 3708 rei
836 3643 1049 3724 ignoratione,
1072 3647 1153 3708 male
1168 3646 1216 3708 io·

247 3733 440 3802 terpretatur
460 3725 510 3794 Eu
538 3727 643 3792 athius
665 3729 704 3792 ad
727 3727 788 3796 nl.
818 3748 876 3794 nec
897 3727 1057 3814 expediuit
1075 3727 1215 3813 Scaliger

247 3807 286 3871 od
309 3805 421 3872 unser.
445 3824 528 3899 ppo
555 3830 585 3876 α.

174 3939 218 4024 ο)
243 3939 315 4006 Lib.
327 3938 393 4039 Vl,
416 3946 527 4042 1264ς
564 3955 597 4009 et
617 3965 716 4008 exeo
737 3941 1011 4046 Atheorauroxll.
1033 3960 1152 4027 msto.
1175 3945 1213 4012 B.

145 4137 149 4145 -
246 4023 1218 4189 i·alotelitt.ltlil:¹?¹;;„t¹}¹tttt„tllt

245 4209 352 4290 rupen
376 4191 427 4292 feel
448 4194 556 4294 auium
578 4195 692 4257 altores
706 4206 740 4258 et
764 4195 896 4260 sartores
911 4194 1144 4294 (Fodervieirmii
1169 4199 1220 4274 er)

241 4274 390 4458 ult
407 4276 512 4442 lim·
529 4276 1161 4458 tiatira?'ureatrtrlnr
1179 4281 1217 4426 tl

238 4438 458 4510 Guthnauaru
488 4441 679 4530 farraginem
709 4453 820 4511 notata
842 4444 913 4513 sunt
937 4444 978 4516 Τ.
988 4445 1029 4513 ll.
1057 4445 1217 4537 p.541l'q.
