710 1313
262 216 405 230 =====
563 226 572 243 3
579 226 586 239 Ι
593 226 600 243 3

66 266 123 282 tatem
134 261 170 282 ess’e
182 262 231 288 posse
239 263 310 282 nullam
322 262 355 282 nisi
367 269 410 283 cum
422 263 521 283 verborum
534 263 604 282 subtili-

68 295 105 310 tate
120 294 138 310 et
153 291 235 311 exilitate
249 292 376 311 coniunstam:
398 292 418 311 id
431 292 482 317 quod
498 292 603 311 Aristoteles

66 319 144 339 mirifice
155 319 269 345 perspectum
280 320 349 339 habuit.
379 319 442 346 anue
456 326 484 340 res
493 320 553 340 multo
565 327 604 340 ma-

67 349 97 373 gis
111 349 182 373 patuit,
204 354 247 368 curn
262 349 325 368 diuina
338 350 404 369 veritas
419 349 442 368 ad
457 349 603 374 philosophicam

67 377 186 396 subtilitatem
199 380 316 402 attemperata
329 381 348 397 et
357 378 421 403 legum
430 378 534 402 iuriumque
547 378 604 397 inter-

68 406 148 430 pretatio
157 406 177 424 in
186 405 279 425 scientiam
288 405 331 425 effet
341 408 433 426 conuersa.
462 406 481 425 Si
489 407 552 431 itaque
559 406 603 426 Mu—

68 434 128 454 sarum
136 435 212 453 nomina
221 434 283 459 passim
290 434 351 454 adhuc
357 435 448 454 versiculis
458 435 476 453 in
481 441 604 454 numerorum

68 462 296 488 complementum‘otiose
311 463 388 483 insidere
400 463 494 486 videmus,
517 470 535 483 re
546 462 603 489 amiffa

69 498 127 511 mmm
133 490 212 517 retinmffi
221 491 294 511 dicendi
306 491 372 512 sumus.
403 491 504 511 Succeffere
513 492 532 511 in
540 498 603 511 earum

68 520 133 539 locum
150 520 250 540 senei-iores
267 520 321 543 deae,
342 524 414 545 quatuor
428 520 531 542 Bituitum.
555 526 603 546 quae

69 549 138 574 quibus
146 549 252 574 parentibus
262 553 320 571 natae,
336 555 372 574 qua
381 549 488 568 mortalium
496 555 518 568 an
527 550 604 568 immor-

69 577 135 596 ulium
144 583 186 597 cura
195 578 274 597 nutritae
282 577 404 600 adoleuerint,
413 578 481 603 quibus
489 578 603 600 nominibus,

69 606 148 628 muniis,
164 606 255 626 attributis
269 606 383 632 superbiant:
402 606 439 626 alio
451 610 535 632 tempore
550 606 604 632 dispi-

69 640 146 654 cremus.

126 688 150 709 Et
160 689 206 709 haec
217 689 293 714 quidem
304 689 391 709 haetenus
401 689 458 709 lussss‘e
466 691 527 712 iuuat,
542 696 563 710 ac
572 696 603 709 ve-

69 718 108 737 rius
117 717 210 743 prolufirse
223 718 259 737 diei
271 718 311 737 festi
318 719 407 744 faustique
416 718 540 740 sollennibus,
556 724 604 743 quae

69 746 147 767 crastino
155 746 185 766 die
193 746 316 766 habebuntur.
340 747 399 771 Quod
407 748 456 766 enim
464 747 509 766 felix
517 747 604 766 faustum-

69 781 106 800 que
116 775 146 796 fit,
160 775 230 800 agenda
238 776 305 795 instant
314 775 361 795 sacra
369 775 489 795 anniuersaria
498 775 604 795 Academiae

69 804 146 826 nostrae,
152 809 199 829 quae
208 804 259 823 bono
265 810 309 823 cum
314 804 350 823 deo
358 810 397 823 cras
405 804 511 823 illucescent
516 803 602 823 XXXV.

69 831 156 854 Ducetur
165 838 189 853 ex
199 838 251 852 more
262 838 330 858 pompa
340 832 428 852 sollennis
437 833 456 852 in
465 832 556 857 ternplum
565 838 605 851 aea.

70 860 174 883 demicum,
194 864 213 880 et
228 861 276 880 inter
291 866 362 880 ceteros
373 862 418 880 ritus
437 861 496 880 sacros
512 861 604 886 festosque

69 890 130 909 oratio
141 889 239 909 habebitur
251 890 274 909 ab
281 889 389 909 Amderniae
401 889 490 912 Oratore,
504 889 604 908 Profeffore

69 917 198 942 eloquentiae,
218 917 275 938 Curi.
291 918 315 938 G.
331 918 423 939 annz.
464 917 553 937 Proludet
572 918 603 937 ille

70 947 157 971 precibus
172 947 258 972 votisque
274 947 354 972 publicis
369 948 403 966 rite
414 946 540 972 persoluendis
552 946 604 965 susci-

71 975 182 1001 piendisque
196 976 308 1000 praefatione
325 975 379 1001 super
392 979 439 995 noto
452 975 486 995 illo
498 974 604 1000 philosophi

71 1003 120 1023 dido
127 1018 134 1026 2
166 1009 205 1029 quo
220 1002 286 1031 seuera
307 1010 338 1024 res
354 1002 388 1032 effe
407 1002 501 1030 gaudium
520 1009 604 1029 pronun-

71 1032 132 1051 tiatur.
176 1032 227 1052 Inter
239 1039 270 1055 ea,
286 1033 309 1052 de
322 1034 390 1058 quibus
404 1032 448 1052 Deo
457 1031 482 1052 O.
491 1032 519 1052 M.
535 1033 604 1057 gratiae

70 1061 147 1086 publice
161 1061 243 1086 agendae
261 1061 312 1083 sunt,
334 1062 395 1087 primo
412 1062 456 1081 locu
472 1061 605 1080 memorabitur

71 1089 128 1109 illud.
149 1089 212 1114 quod,
232 1090 335 1109 nostrarum
349 1096 410 1109 rerum
422 1090 499 1109 tutelam
512 1089 604 1109 Sanffiore

71 1117 200 1137 Sacratiffimae
212 1118 281 1143 Regiae
294 1118 393 1138 Maiestatis
406 1118 489 1138 Consilio
499 1118 604 1140 sustinente,

71 1145 114 1166 Viri
125 1146 238 1166 lllustriffimi
249 1147 309 1167 eidem
320 1146 403 1166 Consilio
413 1146 501 1167 Sanffiori
513 1146 604 1194 adscg‘lpg,
