2542 5146
12 560 28 616 ,ι
145 585 223 703 378
538 563 829 649 a.

138 774 201 848 riis
218 781 420 848 occurrunt
437 793 494 872 ap.
513 767 695 860 Mensis,
720 791 754 864 5.
769 775 804 846 6.
833 772 978 873 quibus
1007 775 1144 854 tertius
1158 793 1211 852 no

137 885 208 962 ster
224 883 309 961 addi
326 885 455 984 potestt

250 1002 297 1077 ll.
336 996 511 1077 Protome
543 997 633 1076 deae
667 995 809 1076 Romae
844 1001 1039 1101 galeatae,
1096 1002 1207 1082 hallin

138 1112 295 1203 dextro,
320 1111 461 1192 finillro
476 1112 632 1189 humero
652 1111 813 1212 clipeum
837 1116 1021 1217 inscripto
1048 1140 1155 1220 equo
1168 1117 1208 1193 ln

136 1229 312 1307 {sinentis
371 1225 473 1304 Ante
491 1242 656 1303 mentum
680 1227 798 1318 stella,
826 1232 949 1306 verius
976 1232 1208 1331 quemdem

138 1343 184 1418 rii
219 1356 317 1418 nota.
384 1336 491 1420 Luna
520 1340 682 1417 crescens
718 1343 758 1416 in
782 1339 905 1420 fronte
937 1367 1025 1421 non
1064 1359 1208 1446 apparet

139 1451 295 1534 ROMA
330 1486 369 1530 =
408 1454 571 1532 cancelli
588 1454 648 1531 seu
666 1452 764 1554 septa
783 1458 954 1551 Comitii3
978 1476 985 1492 ’
1005 1457 1107 1537 alter
1124 1474 1209 1560 toge-

138 1582 217 1658 tos,
247 1567 461 1667 l'uffragiutn
484 1568 643 1657 laturus,
674 1568 846 1648 tabellam
866 1574 905 1647 in
932 1572 1064 1650 cistam
1091 1577 1208 1661 iniicit,

139 1683 231 1760 alter
254 1680 427 1760 tabellam
446 1707 466 1759 a
489 1683 679 1759 diribitore
697 1687 838 1783 accipit.
897 1683 1019 1788 Supra
1038 1684 1081 1765 P.
1102 1685 1208 1767 NER-

138 1798 219 1877 VA.
249 1821 335 1875 cum
360 1811 447 1874 nota
473 1797 624 1874 obscura
649 1797 828 1874 monetali
853 1801 950 1898 equi.
1031 1800 1211 1881 Notabilis

138 1934 275 1988 numus
293 1910 339 1987 ad
357 1925 508 2010 gentem
524 1907 706 1987 Liciniam
726 1911 848 2010 vulgo
868 1913 1052 2006 refertur,
1089 1917 1212 1993 melius

72 2111 79 2124 ⁸
139 2025 185 2103 ad
202 2024 339 2113 Siliam,
365 2024 560 2129 plebeiam,
591 2048 639 2101 ex
654 2046 727 2124 qua
742 2025 875 2124 aliquis
894 2025 998 2105 Trib.
1019 2028 1078 2130 pl.
1100 2031 1214 2129 legen

136 2136 257 2217 tulisse
281 2138 443 2227 videtur,
479 2129 574 2238 qnae
591 2138 636 2214 ad
656 2140 892 2218 comitiorum
915 2142 997 2219 iura
1015 2143 1212 2244 speelabat

138 2249 229 2331 Eam
246 2254 444 2328 memoriae
469 2251 659 2328 mandauit
682 2249 721 2330 P.
739 2251 880 2341 Nerva,
925 2279 1072 2356 nepos,
1124 2261 1214 2335 inter

139 2370 294 2446 lllviros
313 2366 515 2444 monetales
541 2365 703 2447 allesius.
749 2365 884 2446 Motell.
899 2370 931 2454 s,
949 2383 985 2455 8.

251 2475 313 2560 lll.
339 2477 514 2559 Protome
529 2477 683 2559 Veiouis
702 2481 820 2559 telum
835 2482 970 2583 triplex
987 2482 1051 2561 seu
1073 2485 1215 2563 fulmen

90 2672 94 2680 ,
136 2594 327 2673 trisulcum
361 2595 536 2671 vibrantis
585 2623 626 2669 :·.
667 2592 786 2673 Pallas
818 2599 856 2673 in
891 2599 971 2675 citis
1010 2601 1215 2700 quadrigis,

137 2710 266 2786 dextra
288 2709 423 2787 hallam
450 2711 616 2796 vibrans,
659 2708 766 2786 ¹laeua
790 2709 1064 2789 habenas-com
1095 2714 1216 2814 clipeo
1260 2743 1263 2813 j

137 2821 481 2924 comprehendens:
543 2824 583 2899 C.
612 2818 846 2901 LICINIVS.
881 2821 923 2902 L.
949 2823 988 2903 F.
1019 2825 1211 2907 MACER.
1261 2822 1262 2825 Ὺ

136 2931 198 3016 Est
230 2940 260 3014 is
296 2941 362 3038 qui
394 2937 598 3038 praetorius
632 2937 928 3036 repetundarum
953 2940 1147 3018 accusatus
1183 2954 1215 3017 et

136 3050 332 3128 damnatus
358 3052 407 3128 est
433 3053 614 3127 Cicerone
628 3047 817 3129 Praetore:
853 3051 954 3130 idem
977 3051 1169 3147 Quaestor
1185 3079 1226 3131 a*

138 3167 250 3244 ‘Varn
274 3172 367 3260 677.
395 3166 620 3250 MotellssI,
637 3189 677 3259 4.

249 3339 465 3420 LVCILlll.
540 3344 570 3421 Ι.
602 3343 723 3442 Caput
738 3340 879 3421 Romae
906 3340 1095 3440 galeatum
1123 3344 1218 3419 intra

135 3455 309 3532 lauream.
342 3449 572 3558 (Argentum)
589 3449 772 3534 Pitinum
802 3489 843 3531 =
869 3455 1027 3534 victoria
1052 3458 1095 3532 in
1123 3459 1217 3557 bigis

135 3571 228 3689 citis.
261 3567 315 3647 Μ.
327 3566 540 3647 LVClllus
557 3568 708 3650 RVFus.
737 3567 877 3649 Motell.
896 3594 927 3647 1.

238 3685 514 3815 [chRETm.
590 3740 620 3814 l.
661 3738 782 3838 Caput
824 3735 967 3816 Romae
1012 3736 1213 3836 galeatum.

139 3845 249 3928 TRIo
267 3845 310 3925 X
343 3842 384 3925 ':-.
414 3846 587 3926 Dioscuri
614 3854 652 3926 in
670 3853 775 3952 equis
792 3855 997 3929 concitatis.
1030 3846 1114 3927 CN.
1136 3853 1217 3931 LV·

138 3959 299 4041 CRetr'ur.
330 3960 536 4067 (Quaestor
554 3967 631 4041 vrb.
645 3967 776 4042 incerti
794 3957 904 4068 anni)
934 3961 1098 4044 ROMA.
1133 3968 1219 4043 Mo·

135 4077 208 4158 nn·
230 4103 296 4269 ¹ll.
315 4192 438 4293 Caput
455 4191 642 4293 Apollinis
661 4193 841 4270 radiatum
873 4195 1034 4271 :Luna
1053 4192 1219 4271 crescens

137 4304 226 4384 cum
241 4305 379 4407 septem
395 4307 515 4384 stellis.
577 4304 623 4384 ln
641 4308 767 4385 medlo
782 4313 909 4387 Lunae
931 4302 1071 4386 TRIO.
1083 4304 1226 4502 Llnffir
