2542 5010
135 660 242 751 '156
556 650 843 713 2-

157 828 240 928 ieges
264 830 353 916 illue,
384 859 465 933 quoe
495 835 689 919 Charondae
712 869 826 920 nomen
844 849 1062 947 praesuunt,
1103 849 1223 930 Titurii

150 948 297 1052 scriptae
329 947 384 1053 effe
415 953 593 1030 feruntur.
678 953 884 1036 Desiderari
914 964 1034 1060 potest
1065 966 1220 1050 virorum

156 1062 351 1148 dodotum
375 1090 529 1143 acumen
548 1072 711 1149 etiamin
732 1071 800 1150 hac
809 1079 1020 1173 quaestione
1035 1078 1219 1169 trudanda,

156 1178 260 1274 quod
294 1179 399 1278 plura
432 1186 550 1281 cupita
580 1185 618 1258 in
648 1184 745 1260 idem
779 1191 949 1290 congesta
987 1204 1025 1265 et
1046 1197 1220 1299 permixto

154 1290 248 1367 sunt.
336 1293 475 1388 Quaeri
501 1301 600 1373 enim
629 1297 778 1397 poffunt
804 1326 847 1377 ac
877 1305 1015 1380 debent
1044 1307 1220 1404 iigillutim

152 1403 278 1503 plura:
321 1432 414 1507 quae
443 1414 568 1487 omnia
589 1414 805 1511 praecedere
834 1417 944 1494 debet
969 1418 1033 1492 iilo
1050 1424 1219 1518 quaestio

155 1541 233 1621 quo
276 1537 443 1623 tempore
468 1521 682 1605 Charondae
705 1532 847 1606 vixerit.
915 1530 1222 1620 Retraiinbiture

152 1624 266 1712 nobis
290 1640 452 1736 quaestio
486 1639 565 1737 pust
598 1643 761 1717 virorum
801 1644 995 1722 dodorum
1027 1648 1146 1726 studio
1177 1658 1220 1742 o)
1264 1727 1265 1735 ,

152 1749 331 1833 breuiter.
380 1766 416 1827 et
441 1767 478 1828 vt
502 1754 630 1830 nostro
660 1756 799 1832 iudicio
833 1772 995 1847 namur,
1042 1761 1220 1864 simulque

150 1863 359 1953 uideamus,
390 1868 480 1965 quid
504 1869 706 1947 rationibus
736 1895 821 1951 cuin
845 1870 1004 1960 Bentleii
1027 1890 1110 1953 tum
1134 1880 1220 1955 alio·

148 2002 232 2061 rum
259 1979 454 2080 propofitis
482 2007 567 2059 cum
589 1986 739 2068 veritate
771 1987 831 2062 vel
854 1991 1032 2094 opinione
1066 1996 1221 2094 coniun-

150 2091 255 2171 iiu'm·
273 2092 341 2179 eiie
369 2097 484 2173 videri
505 2095 622 2199 poffit.

260 2318 382 2396 Nobis
398 2321 521 2423 itaque
539 2321 584 2399 ab
603 2322 711 2396 initio
730 2321 845 2397 statim
864 2325 901 2398 in
920 2322 988 2399 huc
1005 2324 1217 2420 quaestione

146 2433 224 2511 duo
243 2436 461 2511 videbantur
477 2434 545 2511 effe
563 2434 819 2525 discernenda,
836 2453 885 2512 'vt
904 2437 1015 2514 altera
1031 2438 1214 2517 dubitatio

145 2548 199 2651 fit,
223 2551 366 2650 fueritne
386 2547 577 2625 Citorondos
595 2550 700 2643 legum
718 2549 848 2626 'sinniis
859 2553 1063 2654 scripturum
1078 2555 1213 2637 uuilon

144 2664 277 2749 altera:
308 2689 361 2742 eae
385 2660 483 2761 leges,
506 2688 586 2767 quus
605 2665 776 2748 Diodotus
796 2693 834 2741 ue
849 2664 1008 2742 Stohueus
1020 2668 1211 2770 seruarent.

136 2783 244 2883 stiunt
260 2784 392 2881 isiurum
409 2783 513 2875 legum
522 2781 713 2881 fingmento
728 2778 888 2858 babendo.
934 2781 1042 2873 Quae
1060 2795 1212 2882 utraque

145 2894 327 2979 dubitatio
359 2896 398 2970 in
431 2917 546 2971 vnum
581 2893 730 2974 confusa
772 2919 849 2971 non
886 2919 1015 2993 parurn
1046 2898 1211 2973 turbauit

144 3012 290 3103 omnia3
350 3009 436 3086 alias
455 3011 579 3087 turbas
597 3008 684 3083 fecit
700 3031 778 3090 uon
795 3008 1041 3095 animaduersa
1059 3009 1211 3110 sctipto,

141 3148 245 3212 runt,
277 3145 436 3221 quorum
464 3124 534 3209 fide
561 3137 598 3198 et
614 3122 821 3204 testimonio
845 3135 997 3202 utuntur
1015 3127 1082 3198 viri
1099 3125 1208 3214 dodi,

140 3238 361 3313 auiioritatis
379 3238 573 3314 diueriitas.
633 3233 684 3316 Ea
697 3239 822 3336 itaque
842 3259 935 3336 quae
954 3239 999 3313 de
1012 3233 1210 3315 Charonda

137 3350 265 3449 legum
300 3351 601 3437 nobilissimarum
633 3349 778 3427 auiiore
809 3350 1035 3457 traduntur„
1067 3351 1114 3427 ad
1144 3353 1208 3439 hus

138 3462 261 3545 claffes
285 3467 536 3542 narrationum
564 3466 730 3542 reuocati
762 3461 928 3564 possunt,
979 3479 1019 3540 vt
1050 3467 1095 3549 ab
1128 3466 1209 3550 aliie

137 3578 201 3655 ille
228 3579 368 3656 dicatur
401 3579 548 3664 Thuriis.
585 3582 630 3656 ab
655 3578 735 3655 aliis
757 3602 845 3655 veto
878 3577 1069 3656 Chalcidicis
1090 3584 1208 3658 ciuita-

136 3691 223 3771 tibus
248 3695 329 3789 teges
347 3690 526 3798 scripfiffe3
584 3717 698 3793 porro
726 3707 765 3768 vt
789 3695 834 3769 ab
868 3693 1044 3796 illis‘'post
1066 3694 1205 3799 olymp.

136 3807 361 3886 LXXXIV
381 3804 492 3910 uixtffe
527 3807 713 3896 credatur,
770 3807 815 3887 ab
845 3806 987 3887 his'od
1015 3813 1211 3907 antiquiora

136 3934 284 4020 tempora
308 3925 480 4023 refutatur.
538 3920 651 4008 Redit
680 3946 781 4021 nunc
804 3946 860 4000 res
877 3922 922 4000 ad
945 3922 1126 4000 iudicium
1148 3924 1207 4002 hi.

133 4038 324 4121 storiarum
349 4041 530 4121 criticum.

1122 4149 1207 4247 Qui

177 4343 215 4426 a)
238 4364 268 4406 v.
291 4363 338 4410 nu.
374 4342 488 4406 Fabric.
511 4339 659 4405 uuor.
690 4337 729 4402 T.
743 4337 767 4410 i,
796 4338 898 4405 libii.
926 4358 1019 4419 cai.
1063 4342 1204 4408 bentieii

216 4436 218 4440 ·
247 4426 313 4511 diss.
340 4447 421 4510 upon
443 4422 591 4489 Phalaris
620 4439 722 4502 u.334
739 4424 800 4504 sqq.
843 4421 1024 4504 wesseling.
1043 4427 1079 4486 ad
1104 4426 1202 4490 Diod.

246 4503 316 4588 ΧΗ,
333 4529 381 4579 11.
419 4511 578 4582 Warburt.
602 4504 677 4574 Du.
695 4507 805 4592 Legat.
829 4507 870 4608 of
880 4505 982 4590 Moses
1009 4511 1044 4574 B.
1056 4509 1096 4574 ΙΙ.
1122 4510 1155 4575 S.
1165 4529 1201 4590 3.
