710 1313
565 248 606 271 402

43 307 46 311 ,
125 283 150 305 Et
160 285 206 305 haec
217 285 294 310 quidem
310 285 333 305 de
343 285 404 304 numis
417 285 526 304 familiarum
537 284 607 305 Roma-

40 327 47 340 :
69 319 136 333 narum
147 314 167 333 in
180 313 246 333 Museo
258 314 321 333 nostro
333 313 438 333 academico
449 313 533 337 seruatis;
562 320 606 333 nam

68 341 204 367 Imperatorum
213 342 341 362 Romanorum
352 348 420 361 numos
433 343 494 361 omnis
504 343 577 367 generis
585 348 607 361 ac

69 370 150 392 moduli,
166 376 210 390 cum
219 371 337 390 barbarorum
349 371 416 392 numis,
431 374 450 390 et
458 370 556 393 bradeatis,
565 374 606 390 tum

68 399 194 418 recentiorum
203 403 308 424 temporum
318 405 386 419 numos
399 398 509 418 enarrandos
522 400 541 418 in
555 399 606 419 aliud

69 431 145 453 tempus
154 427 241 453 seponere
253 427 323 447 necesse
332 428 361 447 est.
399 427 420 447 ln
432 427 466 447 hac
477 431 538 447 autem
549 433 606 453 opera

68 456 130 475 nostra
142 456 188 481 quid
196 457 266 480 sequuti
276 456 342 479 fimus,
358 455 411 476 facile
420 456 535 482 perspicitur:
558 456 606 475 scili-

69 488 100 504 cet
110 484 200 504 censenda
208 485 240 504 illa
248 485 272 504 est
283 490 306 504 ex
315 491 347 506 eo,
363 485 414 510 quod
427 484 541 510 diligentiam
553 484 606 504 adhi-

69 513 145 532 buimus
155 514 174 532 in
182 513 294 538 indagando,
306 513 329 533 ad
339 519 395 538 quam
402 516 477 538 genter'n
486 519 507 532 ac
517 513 605 532 familiam

69 547 138 565 numus
147 542 226 567 quisque
236 542 327 567 spessaret.
340 543 386 561 etin
394 541 519 566 comparando
529 547 553 561 eo
561 547 605 561 cum

68 570 102 593 iis,
124 576 205 595 quorum
218 570 318 590 delineatio
328 574 347 590 et
360 570 457 595 descriptio
469 576 479 589 a
492 570 535 589 viris
547 570 606 589 dostis

70 599 106 618 iarn
119 598 192 624 pradia
201 599 230 618 est.
261 599 302 618 Nec
312 605 358 618 vero
371 605 415 624 opes
429 598 497 618 nostras
510 604 553 618 cum
564 598 605 618 vllo
640 596 643 597 ⁷

69 633 136 652 regum
144 633 165 646 ac
171 628 276 652 principum
284 627 419 652 gazophylacio
426 627 539 646 contendere
548 626 605 652 posse,

68 655 109 675 satis
121 655 234 681 perspectum
247 656 345 680 habemus;
360 656 421 675 sumus
435 662 524 681 pauperes
536 656 556 675 in
563 661 605 675 aere

69 684 142 708 nostro;
169 684 221 709 quod
230 684 282 710 liqui
292 684 343 707 sunt,
358 685 390 709 qui
402 683 432 703 seu
442 684 516 709 publica
524 684 555 703 seu
568 685 605 709 pri-

71 717 112 732 vata
124 713 233 732 liberalitate
245 712 315 732 arculas
329 713 398 732 nostras
414 712 528 738 locupletare
540 712 606 732 volue-

69 742 116 762 rint.
133 742 190 766 gratia
197 742 219 760 iis
232 741 329 761 habebitur
340 741 415 767 publice
427 747 449 760 ac
457 741 548 766 priuatim.
578 740 606 760 Vt

70 774 132 789 tamen
144 770 198 792 haec,
223 776 270 795 quae
286 771 305 789 in
322 770 358 789 illis
371 770 431 789 adhuc
447 769 489 789 sunt
503 769 604 792 recondita.

69 798 209 821 recenseremus,
225 805 246 818 ea
254 799 335 818 maxime
343 797 402 818 caussa
410 804 444 817 nos
452 798 535 821 adduxit,
548 797 607 817 Com-

69 827 170 849 militones,
187 827 245 852 quod.
258 827 303 852 quid
312 827 331 846 in
339 826 418 852 copiolis
430 826 478 846 hisce
486 827 551 846 nostris
560 832 606 846 con-

70 856 170 877 tineretur,
183 855 258 881 publice
271 855 401 875 declarandum
413 854 448 874 ess‘e
459 855 565 878 videbatur,
580 859 606 877 vt,

69 884 82 903 si
93 885 135 909 quis
147 883 190 903 esset
197 884 281 907 vestrum,
297 884 349 904 cuius
357 883 453 906 interesset,
470 883 535 903 harum
544 886 607 903 rerum

69 913 142 938 gustum
152 912 225 935 habere,
239 912 344 932 facultatem
353 918 383 932 eas
390 912 514 937 cognoscendi
522 913 541 931 in
547 912 608 932 Geor-

70 942 101 966 gia
113 941 193 966 Augusta
202 947 241 960 non
253 940 311 960 deesse
319 941 436 966 intelligeret-
466 940 494 960 Eo
503 941 552 960 enim
561 946 608 960 con-

70 969 111 988 silio
123 970 207 989 omnium
220 969 285 988 harum
296 975 354 995 opum
368 969 399 989 seu
411 973 486 989 naturae
494 969 526 989 seu
536 969 608 994 ingenii

68 997 157 1020 humani,
174 1004 219 1023 quas
229 999 295 1023 partim
304 997 418 1017 Bibliotheca
432 997 517 1024 publica,
540 998 609 1023 partim

69 1025 157 1046 Murcum
169 1027 263 1048 continet,
285 1026 369 1051 prouisus
383 1026 439 1046 fastus
452 1026 488 1049 est,
510 1030 530 1045 vt
543 1026 609 1046 instru-

69 1058 133 1074 menta
144 1055 237 1080 ingenuae
249 1055 353 1078 do&rinae‚
368 1055 406 1074 sine
415 1055 483 1080 quibus
496 1055 548 1074 nulla
556 1055 609 1079 inge-

70 1084 147 1103 niorum
159 1083 239 1103 sollertia
248 1087 280 1103 aut
289 1083 379 1103 subtilitas
388 1084 428 1103 satis
441 1083 531 1109 proficere
543 1083 611 1109 potest.

70 1112 214 1132 desiderantibus
223 1113 243 1131 in
252 1116 328 1137 promtu
340 1112 383 1132 fint:
403 1113 451 1131 inter
463 1118 483 1131 ea
495 1116 556 1131 autem
566 1117 610 1131 cum

70 1141 144 1160 libraria
155 1140 238 1166 supellex
249 1141 349 1163 censenda,
374 1144 415 1160 tum
424 1140 537 1160 bibliotheca
547 1140 610 1162 altera,

71 1175 129 1194 eaque
140 1169 202 1189 multo
215 1170 294 1195 amplior
304 1173 323 1189 et
339 1169 362 1189 ad
372 1175 433 1189 veram
445 1169 546 1189 doetrinam
559 1168 611 1188 haud

326 1198 342 1217 C
346 1204 357 1218 c
369 1204 382 1222 4
547 1198 614 1217 nsum-³
