2520 4950
112 296 168 375 40
508 293 785 327 “”““·““““““’

114 461 212 521 mam
235 432 472 515 subtilitatem
495 434 705 530 exigerent,
750 445 808 521 et,
849 430 953 533 quod
975 432 1014 507 in
1040 452 1185 531 quaque

114 577 155 632 re
181 550 367 626 summum
392 544 498 634 esset,
528 545 854 648 persequerentur,
883 545 1018 623 sadum
1044 545 1113 633 eil,
1150 557 1189 623 vt

103 668 294 746 maiorem
325 661 381 740 illi
407 660 560 760 quidem
586 663 673 738 inde
707 661 956 739 celebritatem
990 658 1188 758 conseque-

117 793 265 866 rentur,
309 775 370 852 sed
388 775 608 855 deteriorem
632 775 811 852 haberent
837 798 975 875 remp.;
1035 771 1186 874 Quippe

118 894 230 971 bonis
249 893 327 989 regi
344 890 489 988 legibus
506 911 582 964 non
600 912 676 976 eos,
705 891 770 988 qui
789 889 934 988 legibus
952 888 1022 965 suis
1041 908 1191 965 omnem

121 1006 328 1087 calumniae
363 1002 493 1082 locum
522 1002 656 1080 volunt
683 1003 939 1106 praecludere,
986 1002 1090 1102 quod
1113 999 1189 1076 fieri

122 1121 276 1223 quidem
290 1139 525 1218 nequaquam
542 1117 679 1218 potest,
707 1117 766 1193 sed
785 1119 850 1217 qui
865 1118 967 1216 leges
984 1117 1195 1217 simpliciter

121 1236 270 1335 scriptas
290 1235 394 1313 omni
416 1231 487 1309 fide
505 1246 542 1308 et
557 1255 644 1307 cura
658 1245 817 1308 tuentur.
878 1231 1000 1332 Atque
1019 1234 1069 1308 ita
1087 1235 1195 1307 etiarn

124 1347 232 1431 Plato
249 1347 373 1436 sensrt,
411 1345 512 1434 dum,
539 1345 636 1444 apud
666 1368 763 1444 quos
786 1345 964 1444 plurimae
986 1345 1056 1424 sint
1079 1344 1193 1442 leges,

126 1463 227 1564 apud
252 1462 403 1541 eosdem
429 1461 603 1560 plurimas
630 1462 680 1535 ait
702 1456 770 1538 else
793 1460 875 1538 lites
897 1475 935 1536 et
950 1483 1073 1538 mores
1094 1455 1198 1558 peist-

127 1600 234 1672 mos3
273 1577 364 1653 licut
388 1577 509 1654 morbi
534 1572 602 1652 elle
629 1573 769 1651 soleant
793 1575 964 1674 plurimi,
997 1575 1060 1651 vbi
1087 1571 1197 1650 multi

127 1689 199 1771 sint
220 1692 365 1768 medici.
425 1687 527 1768 Haec
552 1689 703 1791 quidem
730 1687 873 1770 Strabo.

244 1889 299 1967 Ne
316 1885 547 1994 syngraphum
563 1915 632 1987 pru
649 1891 789 1986 pecnnia
806 1885 957 1991 foenebri
976 1887 1054 1966 duri
1078 1885 1196 1971 liceret.

129 2006 214 2107 lege
232 2003 387 2087 Zaleuci
407 2002 639 2080 interdidum
657 2000 779 2090 fuisse,
805 2003 901 2105 apud
923 2002 1142 2084 Zenobium
1153 2006 1200 2105 f)

96 2181 106 2193 ,
131 2120 301 2220 legimus.
387 2116 478 2197 Non
503 2116 584 2192 satis
613 2117 803 2216 explorata
837 2118 944 2194 nobis
973 2117 1067 2218 legis
1093 2143 1202 2197 mens

132 2236 203 2330 est3
247 2233 306 2310 sed
332 2244 395 2308 aut
418 2232 583 2318 foenori,
614 2233 720 2331 graui
742 2233 780 2307 in
798 2256 875 2332 rep.
894 2231 1015 2321 malo,
1044 2236 1205 2310 omnino

129 2370 343 2433 occurrere,
389 2360 452 2422 aut
485 2345 595 2423 fidem
630 2347 766 2425 bonam
792 2348 841 2424 ita
867 2346 1020 2424 fundare
1051 2345 1207 2450 voluisse

132 2463 297 2552 videtur,
328 2474 368 2536 vt
386 2461 485 2536 nuda
503 2458 736 2559 stipulatione
760 2461 957 2547 constaret,
984 2485 1062 2538 non
1079 2477 1205 2539 autem

132 2578 174 2674 in
204 2575 491 2678 syngrapharum
518 2574 671 2674 laqueos
704 2593 741 2650 et
774 2575 1027 2654 cauillationes
1052 2577 1208 2667 induce-

132 2703 245 2770 retur.
317 2686 491 2768 Habuisle
517 2712 558 2765 ea
581 2688 643 2764 lex
670 2689 770 2767 hunc
796 2692 936 2766 exitum
967 2699 1207 2780 memoratur,

135 2804 302 2885 etmulti
326 2801 454 2888 essent,
494 2805 559 2902 qui
582 2802 787 2880 contradus
814 2801 1073 2881 inficiarentur.
1134 2803 1208 2882 Re·

134 2920 308 3020 quirebat
328 2915 453 2995 saltem
480 2916 543 2992 lex
566 2921 755 3016 antiquam
780 2916 891 2995 fidem
913 2932 951 2993 et
972 2919 1209 2996 iurisiurandi

134 3031 367 3119 sanititatem,
395 3055 490 3131 quae
507 3034 602 3107 inter
620 3031 756 3131 priscos
773 3031 945 3111 homines
960 3031 1099 3111 summa
1118 3032 1209 3126 fuit;

138 3148 185 3225 ab
212 3147 338 3223 eadem
363 3168 448 3222 cum
474 3144 710 3225 desciscerent
740 3146 909 3234 seriores,
952 3145 1087 3246 scripto
1111 3172 1210 3248 opus

136 3261 227 3348 suit,
273 3260 376 3361 quod
399 3261 496 3338 idem
523 3262 631 3340 nouis
657 3259 846 3341 fraudibus
872 3260 1126 3359 excogitandis
1153 3261 1210 3338 lo·

139 3399 225 3456 curu
244 3375 341 3456 fecit
401 3372 545 3453 Verum
571 3377 728 3455 omnino
750 3374 898 3456 diuersis
913 3375 1035 3457 modis
1059 3373 1210 3457 delinita

1000 3482 1003 3497 ⁴
1103 3488 1208 3571 fuisse

253 3644 342 3729 leges
375 3643 541 3712 soluissent.
605 3647 695 3724 Quae
721 3647 789 3712 lona
820 3648 877 3714 nisi
911 3670 975 3714 rem
1010 3650 1211 3727 declararent,

254 3729 375 3812 possent
406 3732 473 3793 sune
498 3732 613 3814 Ephori
637 3735 726 3796 uerba
749 3735 781 3797 in
804 3736 934 3797 alienum
960 3734 1142 3800 seutentiam
1161 3758 1214 3803 ac·

253 3815 328 3895 cipi.
371 3815 413 3879 cf.
432 3815 547 3881 Fabric-
574 3816 674 3883 B.Gr.
706 3817 746 3883 T.
758 3819 781 3884 1.
806 3838 836 3901 p.
850 3820 951 3900 535⁰

178 3921 226 4006 s)
249 3922 368 3992 Zenob.
386 3925 474 3988 Prov.
501 3927 590 3993 Ceut.
608 3927 655 3997 V,
673 3946 701 4004 4.
735 3927 914 4015 συγγραφήν
939 3928 989 3991 dri
1013 3929 1073 3991 ruiu
1100 3929 1216 3995 duruera-

252 4008 355 4086 μάτων
376 4008 419 4087 μή
440 4008 588 4088 pirardus.
632 4011 695 4078 Nili
719 4012 802 4077 sorte
826 4014 878 4076 bie
901 4013 1119 4098 homo'legem
1135 4015 1218 4081 cua·

250 4093 366 4157 rendae
386 4092 488 4159 dicere
509 4093 626 4161 uoluit:
647 4116 677 4163 v.
695 4094 754 4166 inf.
780 4096 897 4165 Prosus.
915 4096 1003 4167 v111.
