2520 4950
134 609 185 700 ’ὁ
523 577 811 644 Q

64 838 68 851 .
129 772 337 873 aliquantum
364 773 431 852 ium
459 765 643 851 altitudinis
667 776 811 851 excitata
826 772 921 851 unul
943 775 1079 859 nomin.
1105 797 1201 872 quum

127 888 238 995 [abito
267 885 413 991 collapsa
440 891 539 964 ruina
561 889 653 991 ¹[aaut.
712 884 853 966 Eodem
868 887 970 965 bello
993 890 1109 964 territi
1128 885 1201 964 Lo·v

130 1001 271 1083 crenses
296 1001 475 1080 auxilium
502 1025 521 1079 a
546 1001 728 1102 Spartanis
765 1005 963 1104 petierant,
1008 1006 1074 1102 qui
1116 1027 1200 1078 tum

132 1140 197 1195 eos
212 1115 392 1195 auxilium
409 1139 429 1192 a
444 1112 591 1193 Castore
615 1129 651 1192 et
667 1113 820 1195 Polluce
837 1131 1000 1216 repetere
1018 1114 1199 1206 iuffilleut,

131 1230 222 1308 deos
246 1229 333 1306 illos
355 1230 516 1308 habuere
539 1231 722 1331 propitios
747 1228 893 1331 (Justin.
917 1227 1019 1314 XX.
1045 1237 1118 1320 2),
1157 1232 1197 1306 in

131 1365 259 1447 pugna
282 1358 403 1421 auteur
418 1340 566 1442 Ajacem
585 1341 726 1422 Oilei'f.
748 1344 936 1421 inordina
959 1343 1109 1419 stantem
1131 1343 1199 1420 suis

130 1458 242 1534 rebus
272 1457 461 1537 consulere
501 1459 644 1559 experti
668 1449 769 1537 lunt:
810 1454 1008 1545 Pantul,
1036 1483 1081 1553 19
1107 1473 1199 1535 extr.

133 1568 280 1649 Conon.
313 1595 342 1648 c.
362 1586 421 1658 18.
488 1569 629 1648 Mirum
662 1571 777 1648 videri
801 1572 938 1673 potest,
989 1566 1132 1648 Locros
1162 1574 1201 1646 in

130 1684 317 1796 §parturis
334 1684 433 1785 spem
457 1686 586 1761 auxilii
604 1686 797 1763 obtinendi
813 1680 987 1786 posuille,
1011 1707 1100 1760 >cum
1120 1687 1202 1782 qui-

132 1800 204 1878 bus
232 1802 442 1877 communia
470 1801 548 1875 iura
571 1798 674 1874 nulla
696 1797 884 1875 haberent.
944 1792 1146 1875 Enimuero
1162 1801 1201 1875 iu

129 1916 348 1992 memoriam
375 1913 581 1989 reuocanda
613 1912 663 1988 est
688 1914 875 2011 antiquior
897 1910 985 1999 illa,
1007 1933 1117 2012 quam
1145 1911 1202 1988 su·

129 2050 196 2128 pra
220 2028 526 2114 commemoraui,
563 2025 734 2104 coloniae
755 2028 864 2127 origo
884 2049 904 2101 a
921 2019 1201 2103 Lacedaemone

129 2139 236 2218 dulia
260 2143 356 2240 regis
382 2136 562 2241 Polydori
590 2153 715 2216 aetate.

240 2358 387 2443 Bellum
406 2365 449 2442 iis
477 2364 651 2445 intulerat
673 2363 872 2445 Anaxilaus
897 2381 1074 2468 tyrannus
1102 2364 1201 2445 Rhe·

128 2471 240 2571 mnus
280 2500 419 2579 eosque
456 2482 709 2558 internecione
740 2479 946 2570 deleuillet,
992 2480 1056 2557 nisr
1081 2478 1199 2559 Hiero

129 2588 240 2665 minis
273 2615 359 2668 eum
391 2592 616 2672 deterruillet
637 2601 699 2688 x).
786 2592 933 2676 Faciunt
966 2594 1040 2672 hoc
1068 2594 1197 2695 paullo

129 2717 214 2778 ante
247 2700 310 2785 Ol.
329 2701 521 2798 LXXVI,
555 2733 585 2784 1.
634 2732 710 2803 uuo
743 2732 844 2787 anno
876 2724 1054 2812 tyrannus
1090 2710 1198 2799 obiit,

129 2837 215 2891 cum
241 2819 327 2895 iude
348 2821 393 2897 ab
417 2817 570 2924 Olymp,
588 2816 741 2913 LXXI,
758 2821 989 2922 tyrannidem
1016 2819 1195 2900 tenuillet.

130 2923 193 3008 Ol.
214 2927 385 3023 XCVII,
412 2962 449 3035 4
489 2960 576 3018 cum
606 2934 806 3039 Dionyfius
838 2960 993 3034 magnae
1022 2934 1198 3014 Graeciae

127 3040 236 3121 urbes
252 3050 360 3125 armis
381 3048 539 3148 peteret,
556 3049 557 3053 '
578 3049 782 3128 eleenlione
799 3051 844 3127 ad
861 3047 1079 3128 Cauloniam
1106 3049 1196 3128 falia

130 3168 169 3231 et
186 3160 275 3235 vrbe
302 3177 537 3262 oppugnata,
580 3163 680 3241 vitiis
706 3167 914 3253 aeremia,
961 3166 1024 3264 qui
1045 3163 1089 3239 ad
1116 3188 1197 3245 eam

125 3266 354 3351 liberandam
381 3276 626 3366 aduenerant,
670 3278 731 3355 seu
758 3293 839 3355 tum
865 3277 926 3354 seu
953 3277 1082 3378 paullo
1115 3277 1197 3378 post

127 3385 214 3461 vrbs
241 3401 364 3487 capta,
394 3403 505 3489 atque
527 3389 606 3468 solo
628 3406 781 3491 aequata
800 3393 850 3472 est
875 3388 930 3490 (v.
951 3389 1065 3469 Diod.
1081 3387 1193 3480 XIV,

135 3519 184 3573 ιο
191 3507 371 3592 3-106):
430 3526 560 3602 agrum
593 3518 716 3582 autern
740 3502 1041 3584 Cauloniatarum
1062 3501 1194 3584 Locris

127 3607 283 3690 donauit
311 3610 522 3719 Dionylius.
592 3613 724 3698 Paullo
750 3619 888 3697 diuersa
913 3618 1016 3707 lunt,
1054 3641 1150 3716 quae
1174 3642 1194 3697 a

127 3720 273 3824 Justiuo
313 3751 532 3817 narrantur,
595 3731 684 3818 dum
720 3729 926 3822 (lib.XX‚
957 3739 1012 3825 5.)
1044 3728 1195 3834 Diony·

126 3838 219 3918 suurn
250 3844 301 3919 ait
330 3851 526 3944 expugnatis
552 3843 670 3922 Locris
701 3840 959 3926 Crotonienses
988 3843 1194 3946 aggrellum

88 3984 91 3988 ’
126 3951 214 4046 elle,
246 3957 313 4059 qui
329 3958 473 4038 fortiter
497 3959 713 4037 restiterunt
771 3959 950 4064 Sulpicari
970 3960 1059 4039 licet
1084 3957 1196 4064 Justi·

549 4095 551 4101 ’
1098 4097 1192 4154 num

161 4256 209 4340 ἀ)
230 4254 316 4322 Pina.
347 4257 485 4340 Rasa
505 4258 546 4343 sq.
582 4269 616 4325 et
642 4259 746 4328 schol.
769 4260 856 4326 Pina.
890 4259 1042 4342 Ρ.ῐ,99.
1076 4259 1131 4345 qui
1153 4259 1193 4326 ad

237 4342 461 4426 Epicharmium
478 4343 512 4406 lu
532 4336 643 4445 Naiaue
664 4356 824 4430 prouocat.
865 4343 952 4412 lien
972 4347 1011 4410 ad
1031 4345 1115 4420 Pa,
1136 4361 1189 4428 34.
