2542 5010
438 248 465 268 »d

511 597 801 642 m

123 634 204 690 120
513 636 793 653 ............-....

120 802 163 856 ea
179 777 290 869 dote,
333 776 472 879 quippe
494 777 629 874 exigua
651 797 694 855 ac
716 774 842 865 tenui,
886 787 956 866 et,
976 773 1026 855 ad
1057 772 1190 854 Atticae
1221 797 1224 872 j

119 892 247 973 saltem
263 894 450 979 rationes,
485 889 653 969 nondum
674 889 719 966 ad
738 882 870 970 XCIV
895 889 1060 968 thaleros
1087 886 1190 967 allui-

122 1021 253 1106 gente‚
284 1009 348 1083 vix
374 1000 510 1083 bonam
529 1003 781 1083 conditionem
802 1016 882 1081 ¹erat
902 1007 1121 1098 inuentum3
1149 1024 1186 1081 ea
1222 1021 1223 1024 ‘

121 1120 292 1217 lacrymis
318 1119 564 1220 precibusque
587 1117 768 1218 apopulo
800 1119 984 1207 obtinuit,
1024 1131 1084 1207 vt,
1100 1117 1190 1216 ‚lege

123 1251 279 1324 nauata,
317 1235 422 1312 diues
440 1237 675 1336 propinquus
705 1254 918 1334 quanquam
938 1235 1095 1334 inopem
1117 1231 1187 1312 stuc

123 1346 212 1428 dote
239 1372 394 1429 uxorem
425 1351 559 1430 ducere
586 1360 793 1449 cogentia·

244 1556 346 1646 Haec
359 1566 435 1647 fere
454 1566 549 1657 lunt,
575 1552 690 1646 ¹Ciues
708 1563 902 1658 Catilina,
931 1582 1027 1670 quae
1040 1570 1189 1647 circum·

126 1677 363 1787 spicientibus
379 1683 487 1760 nobis
501 1680 579 1760 lele‘
596 1682 816 1762 obtulerunt
829 1679 1050 1761 Charondae
1069 1683 1188 1784 legum

126 1793 351 1895 stagneum
393 1795 549 1876 nonilla
577 1796 729 1898 quidem
751 1817 889 1898 magno
914 1820 1092 1886 numero,
1125 1820 1188 1874 uec
1225 1839 1226 1842 κ

128 1906 211 1986 satis
235 1915 394 2011 integra,
434 1912 642 2012 exquibus
672 1922 797 1990 tamen
826 1912 1011 2012 praeclare
1035 1911 1186 2009 intelligi

126 2025 265 2126 potest,
306 2028 415 2105 etiarn
442 2025 543 2104 hunc
570 2028 689 2102 virum
723 2021 1019 2125 sapientissimum
1047 2047 1186 2107 morum

128 2135 324 2245 sanititati,
355 2162 398 2219 ac
420 2139 629 2242 disciplinae
652 2138 871 2219 domesticae
894 2156 931 2217 et
957 2140 1186 2219 institutionis

129 2250 282 2355 puerilis
313 2250 512 2340 seueritati,
540 2268 733 2363 ¹tanquam
765 2253 1027 2345 fundamento,
1069 2250 1189 2357 legum.
1228 2247 1229 2251 ‘

130 2364 278 2447 suarum
308 2366 556 2447 autloritatem
585 2368 800 2469 ciuiumque
832 2367 1045 2449 felicitatem
1065 2365 1193 2469 luper·x
1228 2399 1230 2443 J

129 2479 337 2560 struendam
363 2478 431 2561 elie
458 2479 604 2582 putalle.
667 2481 774 2578 Quae
793 2485 919 2583 itaque
935 2507 991 2561 res
1007 2485 1048 2559 in
1066 2481 1189 2559 nollrir

130 2593 292 2692 imperiis
313 2619 355 2673 ac
379 2598 589 2700 ciuitatibus
613 2620 692 2674 nun
718 2594 823 2674 facile
847 2595 994 2696 legibus
1025 2619 1190 2699 compre·

128 2706 238 2788 hensa
258 2705 326 2788 elle
350 2707 621 2821 lolet3xpartin1
639 2712 816 2813 quoniam
833 2712 872 2785 in
896 2709 969 2812 ipsa
983 2725 1194 2815 temporum

130 2821 403 2926 hominumque
427 2821 591 2902 barbarie
615 2838 651 2900 et
668 2823 920 2925 superstitione
945 2847 1058 2924 regna
1078 2837 1116 2900 et
1130 2827 1195 2900 im·
1237 2847 1239 2850 ·

130 2943 231 3037 peria
254 2939 373 3027 nollra
403 2940 506 3015 initia
540 2937 600 3014 sua
630 2939 807 3027 habuere,
852 2942 986 3039 partim
1018 2940 1197 3039 quoniam

131 3075 279 3132 ntorum
297 3051 522 3153 disciplinam
538 3051 610 3152 ipsa
635 3052 819 3131 dutlrinae
834 3046 1017 3132 lantlioris
1035 3047 1195 3131 formula

131 3188 175 3243 ac
200 3165 373 3265 religioso
399 3169 472 3244 ritu
498 3169 680 3248 contineri
710 3166 883 3245 videbant
909 3159 1084 3257 maiores,
1128 3190 1197 3246 nec

129 3291 254 3356 tamen
280 3280 638 3372 animaduertebaut,
669 3281 715 3358 ad
740 3272 1065 3382 metaphyficarum
1089 3302 1204 3381 quau,

131 3392 292 3471 stionum
310 3393 545 3474 subtilitatem
574 3409 611 3475 et
635 3397 938 3478 caerimoniarum
959 3397 1053 3473 ritus
1069 3397 1197 3474 omnia

131 3502 258 3606 pafflm'
281 3505 350 3586 elle
375 3507 537 3609 delapla;
567 3511 700 3612 partim
723 3496 920 3611 quoniam,
950 3523 990 3587 at
1010 3511 1049 3587 in
1068 3512 1198 3588 ciuita-

130 3612 229 3698 tibus‘
252 3625 378 3723 ‚paruis
401 3646 443 3700 ac
463 3623 607 3713 liberis,
643 3627 692 3702 ita
711 3645 921 3723 nonaeque
946 3625 985 3699 in
1011 3626 1136 3722 regnis
1166 3638 1203 3701 ct

130 3737 292 3834 imperiis
319 3739 479 3837 magnit,
528 3736 739 3837 disciplinae
763 3737 979 3825 domesticae
1008 3738 1201 3837 prouideri

129 3871 172 3927 ac
189 3850 330 3930 consuli
355 3848 453 3951 polle
473 3853 597 3946 aiunt;
635 3876 677 3930 ea
701 3855 827 3953 itaque
847 3875 927 3940 res,
956 3874 1050 3952 quae
1068 3853 1202 3949 uostris

131 3967 309 4042 aetatibus
326 3969 364 4040 in
384 3964 553 4065 politiam
577 3965 653 4046 lere
678 3969 859 4052 relicitur,
897 3965 1026 4064 legum
1048 3965 1199 4044 istarum

128 4076 289 4156 lundam
306 4093 343 4156 et
364 4078 473 4168 balan,
500 4099 694 4182 quantuor
710 4079 949 4182 appellamus,
977 4080 1199 4159 constituere

129 4191 280 4271 solebat.
356 4193 447 4290 Quo
466 4193 600 4271 sallum
623 4195 695 4284 est,
727 4211 767 4270 vt
795 4190 947 4269 sanilior
972 4217 1015 4271 ac
1037 4191 1200 4272 seuerior

129 4306 320 4423 disciplina
349 4309 444 4388 inter
474 4308 646 4389 honines
676 4333 697 4387 a
726 4310 803 4389 teri
831 4306 892 4386 dei
920 4305 1025 4388 cultu
1058 4305 1202 4387 alienor

1029 4424 1204 4524 riguerit,
