710 1313
110 205 148 224 ¹72
305 196 448 211 a
463 191 465 194 ⁴

133 267 180 293 De
212 266 369 302 Sybaritis
405 275 441 294 ac
483 267 619 295 Thuriis

290 328 460 359 spicilegium.

105 393 135 429 Iri
147 408 178 430 iis,
194 413 241 433 quae
250 408 272 427 de
282 408 406 433 Sybaritarum
418 408 465 427 luxu
473 408 534 433 paffim
543 412 646 428 memorata

107 437 161 458 sunt,
181 436 287 462 repetendis
302 438 362 456 otium
375 436 482 456 consumere
496 437 554 456 nolui.
585 436 649 457 Multa

106 466 146 485 eius
161 466 234 490 generis
250 471 288 484 vno
304 465 347 484 ioco
365 468 435 484 narrata
456 466 505 491 apud
522 466 588 485 Athen.
599 465 646 485 XII.

106 500 125 519 p.
138 498 175 517 518
186 494 224 519 sqq.
261 493 391 513 Memorabilia
411 494 429 512 in
447 494 475 513 his
489 495 573 520 inprimis
589 494 646 514 haec:

105 523 157 548 quod
175 523 227 548 pueri
246 528 304 547 vsque
321 522 344 541 ad
360 523 475 547 pubertatem
493 529 575 548 purpura
593 526 647 542 erant

104 551 163 570 vestiti
176 555 195 570 et
204 551 281 576 capillos
295 551 390 570 redimitos
404 557 460 571 aureo
473 556 540 571 ornatu
552 552 646 571 habebant

105 579 132 605 (p.
142 586 150 602 ς
157 583 186 601 18.
193 578 233 602 Ε.);
251 579 340 604 quodque
349 579 462 605 pumiliones
471 583 490 599 et
499 580 576 600 catellos
586 579 644 599 Meli-

105 608 164 627 tenses
172 607 253 627 alebant<
261 608 303 627 ibid⁴
310 607 340 631 F.)
369 607 427 631 Porro
437 608 489 633 quod
499 608 558 633 epuiis
567 608 643 634 publice

104 637 192 662 praebitis
207 637 281 656 coronis
294 637 353 656 aureis
369 636 455 656 honorati
469 637 511 656 sunt
525 638 558 662 qui
571 640 643 656 ceteros

104 665 241 690 magnificentia
261 669 357 690 apparatus
374 665 494 690 superassent,
516 665 575 691 quid?
590 666 644 691 quod

104 698 124 713 et
132 694 189 719 coqui
200 694 227 719 (p.
236 700 243 717 5
252 700 273 718 19
280 693 360 717 D.)tum
368 694 418 719 quod
429 697 535 719 apparatum
545 694 644 719 epularum

103 723 125 742 in
133 727 203 742 annum
209 723 316 741 indixerunt
321 722 388 747 (μς-ιι
397 721 444 742 C.D.
455 722 477 741 de
487 729 526 748 quo
531 723 575 742 loco
581 729 597 741 ν,
603 723 642 748 sup.

104 757 122 777 p.
132 757 177 774 ¹50·
195 751 219 771 cf.
231 751 310 770 Valken.
321 750 380 771 Oratt.
397 757 415 776 p.
427 752 492 774 390-);
510 757 566 776 quem
576 751 643 771 sercin

103 785 177 799 morem
185 779 276 804 Syracusis
285 779 351 799 Verres
360 779 452 799 indixerat
460 779 525 799 festum
535 779 610 802 Verrea,
623 783 642 799 et

104 812 124 827 vt
131 809 155 827 ad
167 815 202 827 eum
211 809 258 830 diem,
266 814 307 833 quae
311 808 364 834 sacris
372 807 452 833 epulisque
458 814 500 833 optat
506 807 558 834 effevm
573 809 590 827 ὶη
599 815 642 827 tom.

102 837 159 863 plum
166 843 217 856 annm
225 837 328 856 lmarmtur:
343 836 381 856 Cic.
387 837 405 855 in
415 836 498 857 Vernll.
511 843 542 856 ιι.
560 836 642 856 Vessium

103 865 222 888 Milesiarum,
232 866 321 885 tenuitate
330 869 348 885 et
355 865 434 885 mollitie
443 865 548 890 insignium,
557 866 642 891 inprimis

103 894 296 919 vsumfrequentatum
303 894 356 919 supra
361 895 399 919 (p.1
407 899 437 917 30.
448 894 490 919 cfip.
495 900 503 917 3
510 900 525 917 3⁴
532 895 550 917 r)
556 894 640 913 vidimus.

104 922 199 942 Tenuium
213 923 263 941 enim
275 922 350 942 vestium
367 922 447 942 studium
458 928 572 947 magnopere
588 928 640 942 com-

103 951 190 972 mendare
198 951 263 970 debuit
272 950 313 970 solis
321 951 380 970 aestus
388 951 406 970 in
412 950 441 970 his
448 951 494 972 locis
504 951 641 974 vehementium

103 985 161 1005 quem
176 980 231 999 etiam
244 979 304 999 nostra
315 982 374 998 aetate
393 979 490 1001 testantur,
513 980 546 1004 qui
561 985 581 998 ea
599 979 640 999 lom

103 1008 173 1027 adiere:
190 1008 234 1027 hinc
249 1011 311 1027 tantus
325 1014 378 1027 amor
388 1007 441 1027 ianae
451 1007 574 1033 exquisitioris
584 1008 640 1027 etiam

103 1036 153 1062 opud
167 1036 277 1056 Tarantinos
291 1040 309 1055 et
317 1036 369 1055 aiios.
398 1035 474 1056 Acceffit
484 1042 539 1059 mox,
556 1040 576 1055 vt
588 1036 641 1058 solet,

102 1065 126 1085 ad
135 1065 233 1084 vtilitatem
247 1065 303 1084 luxus
307 1071 313 1089 ;
334 1068 353 1084 et
365 1068 448 1084 texturae
461 1064 575 1090 exquisitiori
587 1066 642 1084 etiam

103 1094 190 1113 colorum
202 1097 220 1113 et
229 1093 329 1118 figurarum
340 1094 453 1118 intextarum
466 1093 563 1113 artificium
576 1093 642 1113 adiun-

103 1122 153 1142 &um
162 1123 192 1142 est.
221 1121 367 1142 Connuendauit
377 1126 459 1141 veterum
468 1121 565 1142 admiratio
573 1122 642 1142 vestem

101 1154 105 1157 “
450 1153 453 1156 ’
569 1151 639 1171 summa
