2544 4956
1016 689 1095 766 2⁰9

20 831 309 936 Metapontinos
338 831 445 926 eliet,
494 834 644 914 dunum
686 836 851 918 ediderat
877 842 948 934 gh:
993 839 1098 938 quod
1224 932 1229 942 ,

22 972 129 1026 nunc
156 951 295 1027 autimi
315 949 379 1027 luo
407 951 696 1050 relinquendum
722 951 782 1030 est.
846 951 1095 1052 Apposuimus

22 1057 135 1151 haec,
178 1061 314 1140 omiffis
348 1076 471 1142 umen
500 1066 750 1142 recentiorum
780 1069 1001 1146 commentis
1032 1066 1094 1162 t),

21 1175 234 1275 speciminis
263 1175 398 1267 cautla,
424 1192 465 1254 vt
491 1176 738 1276 intelligatur,
772 1203 850 1258 non
880 1180 983 1274 adeo>
1001 1178 1095 1257 diffi-

24 1290 95 1366 cile
126 1287 214 1379 elle,
260 1289 495 1369 fiiudicium
527 1293 641 1368 animi
669 1292 909 1383 adhibeatur,
953 1293 1094 1373 fabulas

27 1420 168 1481 veteres
195 1408 234 1483 in
265 1405 436 1482 ordinem
464 1406 630 1505 redigere
653 1418 690 1483 et
720 1409 878 1487 veritatis
906 1409 1008 1507 quod
1037 1411 1095 1493 in..

26 1516 69 1595 lit
95 1521 136 1615 in
166 1518 288 1618 aliqua
319 1519 401 1596 luce
436 1521 674 1612 constituere3
723 1519 784 1596 etfi
811 1521 1093 1599 contendendum

28 1631 96 1721 est,
128 1656 205 1710 uon
235 1630 301 1707 nih
326 1656 475 1722 eorum,
495 1634 642 1734 vquibus
667 1636 837 1736 autiquae
862 1634 1002 1722 litterae
1029 1658 1094 1711 cu-

17 1768 83 1823 rae
115 1745 220 1840 luut,
245 1745 331 1824 talia
358 1743 523 1824 interelle
552 1743 661 1846 polle.

137 1943 280 2023 Tantae
308 1945 491 2023 uetustatis
515 1945 643 2024 ciuitas
673 1969 694 2021 a
721 1944 944 2022 Samnitibus
975 1944 1094 2025 deleta
1170 1938 1176 1955 '

26 2059 76 2137 est
92 2063 142 2152 ὓς
173 2058 234 2136 led
250 2057 397 2135 indutla
417 2059 539 2157 postea
570 2083 668 2136 noua
692 2059 840 2135 colonia
864 2060 909 2138 ab
927 2056 1093 2151 Achaeis,

19 2195 137 2274 quam
168 2174 214 2250 ab
245 2172 407 2274 Scymno
433 2176 629 2250 memorari
660 2171 787 2271 paullo
810 2187 894 2250 ante
920 2172 1091 2252 vidimus.

18 2286 115 2366 Inde
145 2289 253 2364 etiam
280 2283 408 2365 Livius
433 2285 715 2386 Metapontinos
741 2310 827 2373 cum
850 2283 1027 2363 Thurinis
1046 2313 1095 2366 ex

18 2401 159 2480 Achaia
195 2401 374 2479 oriundos
404 2396 610 2503 proditi).
679 2400 770 2494 Qun
803 2415 971 2499 tempore
1006 2404 1092 2478 vrbs

1018 2515 1093 2592 hoc

56 2706 114 2794 g)
139 2703 231 2787 Apud
255 2701 398 2769 strabon.
422 2701 445 2765 l.
464 2722 489 2765 c.
532 2702 637 2770 Etiam
658 2702 796 2768 Eustath.
819 2703 856 2766 ad
877 2701 1005 2785 Dionys.
1029 2704 1051 2768 l.
1062 2725 1091 2769 c.

134 2786 282 2870 teipitinae
302 2787 334 2848 dl
356 2783 430 2848 odem
451 2787 571 2865 tipario
592 2785 651 2848 uiro*
678 2787 889 2859 Merandarov,
921 2786 982 2848 dant
1002 2785 1096 2848 Σισύ-

134 2879 196 2951 &ou
220 2869 253 2933 du
275 2870 301 2932 oi
320 2869 472 2952 βέρβαροι
502 2870 646 2947 Μέταβον
669 2870 784 2943 ἔλεγον.
836 2869 898 2936 Vix
920 2882 1022 2932 tamen
1045 2871 1095 2932 in·

134 2955 235 3040 telligi
256 2952 376 3037 potest,
400 2956 558 3035 quomodo
580 2955 719 3018 Metabus
741 2954 773 3014 iu
790 2953 1003 3032 Metapontum
1024 2975 1094 3015 mu-

131 3040 191 3103 tari
222 3038 374 3120 potuerit,
404 3033 460 3099 nili
488 3052 580 3100 vetus
609 3057 722 3100 nomen
752 3035 912 3105 Metanoia
943 3037 1019 3110 suit,
1058 3045 1093 3098 vt

132 3119 273 3193 Πυέοῦς.
310 3115 452 3202 tpoode,
482 3118 610 3194 Ὀποῦς,
644 3142 683 3185 ex
710 3139 772 3202 quo
804 3119 1021 3200 Metapontum
1058 3130 1093 3183 et

128 3205 205 3269 hine
224 3205 441 3286 Metapontum
464 3201 529 3266 heri
555 3198 687 3282 potuisse
708 3202 848 3268 videtur:
892 3201 935 3266 ct.
958 3201 1086 3266 Salmas.

134 3288 171 3355 ad
193 3286 293 3356 Solio,
318 3306 345 3366 p·
361 3290 400 3367 46
424 3303 475 3367 47.
531 3286 582 3349 list
606 3296 707 3353 tumeo
737 3306 851 3348 numus
872 3306 919 3368 ap.
943 3285 1090 3365 Magnan-

130 3368 248 3440 Lumo.
272 3379 296 3434 t.
311 3386 362 3448 37.
385 3391 455 3432 eum
481 3368 666 3434 nutrito,
707 3367 797 3431 Alius
815 3361 956 3433 Metabus
975 3370 1094 3433 Priver-

134 3474 190 3520 uus
213 3454 257 3518 est
275 3453 355 3534 apud
379 3452 490 3535 Virgil.
511 3452 590 3516 Aen.
608 3452 668 3527 xl,
686 3468 759 3532 540.
790 3452 840 3514 vbi
855 3449 898 3516 cf.
915 3452 991 3517 Eric.
1007 3450 1046 3516 ΙΙ.

47 3563 108 3647 la)
140 3563 246 3661 Vnum
274 3564 434 3632 adiiciam,
469 3560 650 3660 Mannehiua
681 3563 776 3624 etiam
805 3563 1020 3642 Metapontum
1050 3582 1091 3626 ert

134 3648 267 3795 itt?
282 3644 1092 3810 hiittt·¹⁰.i.ihthli'hii⁹h‚{333

130 3814 382 3961 gfffifflffomo
410 3829 584 3895 tempere,
624 3823 658 3877 rt
686 3833 725 3874 ex
750 3809 857 3898 Sehol.
888 3825 922 3874 et
946 3811 1090 3884 Eustath.

56 4011 92 4093 i)
113 4004 277 4076 sumni.
301 4004 466 4088 prom.
509 4003 673 4070 nataliter
682 4003 858 4085 aeclpienda
874 3999 1092 4084 AntiochiSy·

55 4098 59 4105 ’
119 4090 271 4154 ‘meusaui
286 4087 472 4152 authoritas:
492 4085 697 4168 ’ἐκλειφθέντα
723 4088 776 4148 τόν
800 4087 892 4150 τόπον
913 4089 984 4151 eod.
1006 4087 1090 4149 loco.

55 4199 104 4286 h)
123 4200 193 4271 [ἰν.
205 4197 310 4272 XXV,
330 4215 379 4278 15,
392 4218 421 4281 7.
444 4198 651 4282 Metapontini
669 4196 917 4261 adHnnnibalem
935 4197 1087 4258 defecere.

132 4285 205 4353 Hoc
228 4286 309 4352 idem
325 4282 459 4347 Thurini
476 4284 627 4347 feceruut.
675 4278 778 4345 Monta
797 4301 846 4346 eos
866 4300 925 4344 nou
952 4277 1090 4354 Tarenti·

125 4388 238 4434 amum
263 4369 368 4450 magis
403 4363 525 4447 desento
563 4363 923 4456 Metapontinorumque,
966 4361 1088 4447 quihus,

73 4476 191 4565 trenas
206 4478 319 4564 amsa.
334 4476 424 4545 aaut.
447 4475 582 4549 uvam
729 4452 767 4545 Ο
963 4444 1096 4510 indidem
