2534 4904
99 651 175 732 328
500 616 782 705 m

212 799 336 880 Restat
360 812 401 875 rt
437 797 482 874 de
505 796 699 874 aritioritrte
721 811 758 871 et
787 798 848 895 osu
880 799 1032 876 codicis
1061 802 1171 900 paucis

100 916 337 1018 disputemus.
396 911 456 990 De
477 936 553 1012 quo
586 915 746 1010 primum
773 910 869 989 nihil
892 915 1089 1003 vniuerle,
1127 915 1174 990 led

101 1034 147 1108 de
167 1031 317 1129 fingulis
335 1029 511 1127 partibus,
538 1025 855 1126 pronuntiandum
876 1027 940 1105 est.
1001 1027 1173 1113 Omnino.

100 1148 247 1246 quoties
275 1144 321 1220 de
341 1141 512 1218 codicum
532 1141 709 1238 dignitate
726 1152 763 1214 et
779 1138 880 1228 locu,
918 1164 1005 1239 quo
1022 1143 1173 1220 habendi

101 1263 188 1347 lint,
223 1261 360 1358 agitur,
397 1256 559 1331 inlibris
582 1256 671 1330 iuris
698 1253 985 1351 distinguendos
1011 1271 1174 1358 putamur

102 1373 250 1450 codices
267 1370 389 1472 gloll’rs
414 1369 607 1449 instrutlos
632 1369 677 1443 ab
706 1369 772 1454 iis,
799 1371 865 1467 qui
881 1369 1017 1466 gloffis
1043 1391 1172 1460 vacant,

103 1489 283 1568 modone
308 1486 354 1562 de
380 1483 651 1583 exemplaribus
677 1480 799 1580 gtoffis
816 1487 983 1563 oneratis
1015 1486 1175 1586 descripti

102 1601 182 1682 sint.
241 1599 324 1678 Nee
347 1621 477 1677 vanam
497 1621 573 1673 rem
599 1609 706 1696 putet
725 1597 875 1695 aliquis,
910 1597 1007 1678 duas
1028 1604 1070 1678 in
1085 1603 1174 1683 hunc

103 1717 259 1794 modum
281 1711 403 1790 ciuiles
430 1736 559 1793 eorum
578 1712 806 1788 constituere.
866 1707 943 1791 Eos
961 1718 1089 1806 enim,
1118 1718 1174 1815 qui

102 1827 256 1928 gloffom
278 1828 490 1930 adscriptam
510 1827 666 1914 habent,
701 1835 922 1902 contextum
953 1851 1115 1929 quoque
1137 1829 1175 1905 ad

103 1941 256 2045 gloffam
274 1942 606 2024 accommodatum,
636 1938 803 2038 adeoque
818 1940 1031 2035 vulgarem,
1048 1945 1174 2022 habere

103 2053 319 2132 netelleest.
378 2051 434 2133 Ex
461 2058 669 2141 iiscontra,
708 2055 773 2152 qui
798 2051 1084 2152 glollacarent,
1123 2056 1175 2138 etsi

106 2173 184 2245 etii
209 2170 431 2274 plerumque
464 2192 511 2244 ex
541 2165 702 2266 gloilatis
725 2168 917 2246 codicibus
946 2169 1053 2251 dotti
1085 2173 1170 2259 sunt,

105 2273 255 2384 poliunt
277 2281 345 2358 elle
373 2282 548 2358 nonnulli
572 2283 797 2378 antiquiores
815 2295 851 2357 et
869 2305 909 2357 ea
937 2301 1082 2375 aetate,
1110 2310 1173 2388 qua

106 2395 221 2497 glollu
242 2413 346 2473 enata
371 2398 438 2485 est,
469 2396 503 2472 h.
518 2420 549 2474 e.
568 2394 713 2472 saeculo
730 2393 865 2478 Xlleet
888 2393 1000 2476 Xlll.
1024 2404 1170 2499 priores,

107 2526 171 2588 uut
193 2536 241 2587 ex
265 2513 472 2610 antiquiore
495 2510 676 2608 descripti.
751 2507 801 2586 Hi
822 2509 889 2587 soli
906 2510 1012 2588 vium
1044 2515 1170 2595 hubert

104 2624 254 2729 pollunt
270 2628 458 2711 criticum,
489 2625 614 2701 saltem
629 2627 665 2698 in
686 2622 865 2722 Digestis,
894 2647 1063 2723 quorum
1081 2630 1172 2707 todi·

105 2765 186 2817 cem
214 2740 391 2816 habemus
418 2740 622 2838 principem
648 2736 915 2814 Florentinum.
991 2738 1171 2822 Halieuus

106 2857 231 2955 itaque
256 2858 294 2929 in
317 2855 373 2929 his
392 2852 555 2928 nolimus
576 2875 789 2953 quenquam
811 2877 962 2951 operam
988 2860 1104 2935 nimis
1128 2857 1172 2934 se-

107 2968 232 3053 dulam
273 2969 393 3047 codici
431 2967 555 3048 nostro
581 2967 823 3049 —excutiendo
857 2970 1078 3074 impendere
1116 2979 1171 3063 n).

1052 3083 1172 3170 Enim·

218 3264 1173 3416 limittittilillttittlttfilli?{litut

218 3435 289 3497 zius
309 3433 462 3512 putruerit
483 3433 537 3495 fibi
557 3433 668 3496 librum
690 3453 754 3496 non
775 3433 902 3495 constat.
945 3434 979 3494 ln
1007 3435 1064 3500 Ge.
1089 3435 1170 3504 And.

225 3515 314 3591 Wille
331 3517 372 3592 V.
385 3515 432 3581 Cl.
462 3516 607 3585 Hibitam.
629 3517 750 3590 Norico
773 3515 919 3584 Wiliaru
940 3517 972 3581 P.
984 3517 1024 3582 V.
1057 3542 1089 3593 p.
1103 3540 1169 3596 231.

218 3620 249 3670 2.
274 3613 430 3667 nutritum
458 3600 618 3680 legimur,
661 3601 726 3675 post
757 3600 908 3663 excellunt
940 3601 970 3663 b.
999 3602 1170 3668 Schwarzii
1213 3680 1214 3686 ἵ

218 3684 440 3768 Nordiingrm‚
471 3685 540 3748 Lib.
557 3684 637 3766 Imp.
654 3684 734 3756 Civ..
756 3684 844 3747 litem
866 3684 1053 3746 vindicando
1075 3688 1172 3750 codici

218 3767 357 3842 mouisse,
375 3789 448 3830 mox
467 3780 570 3830 temen
593 3789 652 3830 nec
664 3767 861 3830 diiudlcutmn
882 3768 1062 3836 deseruillez
1085 3774 1174 3834 odeo·

219 3871 282 3933 que
300 3872 362 3919 nou
377 3850 444 3921 ,effe
464 3851 501 3921 rd
521 3852 675 3936 liquidum
698 3849 899 3935 padulium,
931 3853 1012 3916 vnde
1029 3854 1100 3923 MS.
1125 3876 1175 3920 ve·

217 3935 310 4002 nerit.

146 4035 190 4117 rr)
220 4036 256 4100 ln
280 4034 520 4106 Schwnrzienre
553 4035 679 4118 quidem
701 4036 842 4100 biblioth.
871 4037 1023 4118 Crtrlogo
1057 4039 1171 4104 To.ll.
1220 4031 1222 4058 ¹

195 4131 247 4201 φ.
262 4137 290 4184 1.
310 4118 457 4195 adscripta
480 4120 549 4182 sunt
570 4121 660 4181 haec:
705 4120 813 4187 Variis
828 4125 861 4186 in
888 4123 960 4191 tous
977 4128 1125 4206 puriores
1143 4128 1173 4190 ir

222 4201 300 4275 MS.
323 4204 518 4286 reperiuntur
544 4201 678 4270 temones
696 4217 754 4268 etc.
800 4207 988 4276 Enimvero
1022 4211 1100 4273 haec
1121 4231 1174 4292 pro

218 4289 332 4350 hedera
345 4290 480 4365 appolita
502 4286 572 4349 sont
594 4290 667 4350 vino
689 4303 793 4352 tumen
813 4290 970 4358 vendibili.
1015 4293 1175 4361 Librarius

215 4368 278 4432 fuit
299 4370 483 4451 imperitus.
514 4369 537 4434 fi
558 4372 630 4455 quie
651 4372 750 4443 nlius,
791 4374 930 4456 adeoque
952 4391 1106 4458 perpetui
1125 4403 1177 4445 oo·

215 4452 313 4522 currit
334 4454 510 4526 emendatio
531 4455 569 4524 ab
592 4455 632 4524 ii·
653 4455 813 4542 adscripta,
837 4459 891 4549 qui
912 4461 1022 4528 codiee
1038 4461 1082 4538 vii
1098 4465 1178 4539 suut.
