710 1313
111 214 149 238 ⁹4⁶

108 255 226 281 successuque
241 255 274 274 suo
285 254 359 274 caruisse
373 255 490 280 putabimus3
512 255 559 279 quin
571 260 594 274 eo
607 261 649 279 gra-

108 286 161 304 viore
169 284 259 309 religione
267 284 345 308 obligati
353 283 463 305 videbimur,
470 288 508 308 quo
515 289 538 302 ex
545 283 648 308 grauifflma

109 313 141 332 ina
153 312 247 338 procella,
269 318 317 337 quae
334 311 398 336 paullo
411 312 452 337 post
469 315 511 331 vota
525 311 557 330 iila
568 311 648 337 suscepta

109 341 189 367 perculit
202 347 247 363 nos,
268 341 334 360 seruari
347 344 366 359 et
376 341 452 359 recreati
464 346 521 365 remp.
532 339 618 365 sospitem
630 344 648 360 et

109 370 224 389 incolumem
238 369 338 388 secundum
351 368 424 388 cursum
437 372 499 387 tenere
510 372 529 387 et
541 374 569 388 res
579 369 647 388 nostras

110 398 202 424 prosperis
212 397 321 417 succeffibus
332 397 399 417 florere
413 397 457 416 laeti
470 397 597 422 inteiligimus.

167 456 262 476 Vomrum
275 457 450 482 igitur·nostr0rum
464 456 554 479 damnati,
576 457 649 477 inum

111 486 158 505 lacta
171 485 252 510 festaque
263 486 316 508 luce,
331 485 377 510 quid
387 486 438 510 prius
449 486 581 510 antiquiusque
593 485 649 505 habe-

112 515 184 536 bimus,
199 520 267 539 quam,
282 518 302 533 vt
308 514 374 533 animis
383 514 434 533 castis
442 515 515 539 piisque
525 514 548 533 ad
556 513 649 533 summum

110 542 166 562 iilum
176 547 237 561 rerum
248 541 378 567 Sospitatorem
387 543 500 564 accedamus,
515 546 607 568 gratoque
616 543 648 562 bo-

112 577 180 599 norum
193 572 298 590 nostrorum
314 571 410 593 recensu,-
421 572 477 590 tacito
489 570 550 593 sensu,
573 571 649 596 publica

112 605 168 621 voce,
190 599 247 622 fac'io,
265 599 328 618 laudes
341 600 380 618 eius
390 600 426 618 ritu
442 599 521 619 sollenni
533 599 648 619 celebremus

111 633 214 653 pacemque
226 632 245 647 et
258 631 370 653 perpetuum
383 628 454 647 nostrae
470 628 594 653 prosperitatis
610 628 649 647 fru-

112 656 161 675 ssurn
173 657 220 675 votis
235 657 359 682 preciburque
375 656 500 681 exposcamus.
536 655 595 676 Cuiun
607 657 650 676 reli-

112 685 174 710 gionis
188 685 297 710 pietatisque
311 685 382 704 nostrae
395 689 414 704 vt
429 689 481 705 tanto
495 685 596 704 sollennior
608 691 650 710 gra.

112 714 191 741 viorque
209 713 230 733 fit
247 714 367 733 caerimonia:
393 714 471 733 crastino
484 714 526 736 die,
548 714 580 733 vbi
595 720 648 733 more

112 742 177 764 solito,
191 748 200 761 a
210 740 314 761 Comitibus
323 741 410 761 lllustriss.
422 746 441 761 et
447 742 532 762 Patribus
541 741 649 762 Academiae

112 776 182 796 pompa
194 772 213 789 in
224 771 314 796 templum
327 770 457 790 Academicum
468 770 522 790 dueta
534 771 599 793 fuerit,
616 770 647 796 Jo.

113 798 167 818 Pau..
180 799 277 821 Mirum,
294 800 395 824 Magnificus
402 799 418 818 h.
427 802 439 818 ι.
450 799 550 821 Ρνοηᾶον,
572 799 647 824 publice

113 831 157 847 vota
169 827 262 853 suscipiet,
278 829 362 847 oratione
371 828 441 850 habita,
455 833 492 853 qua
503 828 535 850 iis,
549 833 597 852 quae
608 833 650 846 aca-

113 856 216 876 demiarum
235 856 338 876 nostrarum
359 856 487 876 conditionem
509 855 648 877 commendant.

113 890 156 904 cum
165 885 196 906 iis,
212 890 259 909 quae
271 885 291 903 in
299 891 320 904 ea
332 884 427 904 defiderari
437 884 514 910 poffint,
529 885 647 909 comparatis,

112 912 165 938 plura
178 912 212 932 effe
221 913 321 935 laudanda,
346 919 402 938 quam
416 913 544 938 improbanda,
562 913 643 933 docebit.

113 941 189 964 Quibus
200 941 313 961 sollennibus
326 946 345 961 vt
356 948 399 961 cum
414 941 544 961 beneuolentia
557 945 576 961 et
587 941 647 961 studio

112 969 195 989 intereise
203 970 269 992 velitis,
282 969 365 989 Comites
374 969 494 993 Illustrissimi,
505 970 646 993 Generofiffimi,

112 997 235 1021 Nobiliffimi,
257 998 386 1018 Humaniffimi
401 998 490 1021 quenes,
512 1000 617 1018 humaniter
629 1002 648 1018 et

112 1030 227 1051 peramanter
235 1033 327 1052 rogamus.
365 1027 407 1047 Nos
416 1030 488 1050 autem,
511 1027 579 1050 Ciues,
601 1027 646 1046 dum

112 1061 181 1081 pompa
193 1060 266 1081 paratur
275 1059 294 1075 et
305 1056 408 1078 instruitur,
427 1059 514 1080 tanquam
526 1057 545 1075 in
555 1056 646 1075 vessibuio

111 1084 176 1112 templi
189 1089 208 1103 er
220 1085 293 1110 porticu
306 1085 409 1107 constituti,
428 1084 579 1105 confabulatione
593 1085 646 1107 sada,

110 1113 163 1138 quod
181 1119 239 1138 nuper
252 1113 275 1132 de
287 1113 375 1138 Sybaritis
391 1110 504 1139 Th'uriisque
519 1119 646 1139 coeperamus,

109 1145 232 1166 pertexemus.

539 1182 542 1185 Δ
562 1170 646 1190 Primum
