2542 4942
385 590 679 634 “““”““““““’””
1014 623 1070 698 4³-

43 760 214 857 probauit
242 758 333 836 hoc.
398 756 519 854 Legem
544 761 645 846 enim,
680 761 830 859 inquit,
866 758 992 840 breuem
1016 762 1072 867 effe

43 888 127 961 rerer,
158 901 230 972 quo
244 874 385 975 sutilius
401 873 445 950 ub
462 877 616 972 imperitis
641 885 807 951 terrentur:
852 879 940 954 uelut
963 876 1073 982 enriffo

43 994 155 1075 initus,
185 1015 264 1064 vox
280 990 349 1092 fim·
380 986 507 1072 iubeas,
533 1015 598 1062 non
616 989 769 1090 disputet.
828 991 928 1069 Miris
940 994 1070 1074 viderur

43 1104 65 1178 ii
86 1104 275 1205 frigidius,
312 1102 395 1182 nidis
422 1105 579 1199 ineptius,
621 1129 719 1199 quum
742 1103 795 1183 sex
821 1132 891 1189 cunr
907 1109 1070 1204 prologo.-

43 1247 107 1304 nne,
134 1218 207 1305 dic,
240 1221 324 1316 quid
340 1245 389 1300 nn
409 1216 484 1292 veiis
502 1212 626 1317 senff&
656 1246 723 1293 non
739 1219 845 1320 disco,
868 1222 930 1324 sed
944 1251 1061 1320 porco.

53 1349 127 1410 tam
145 1332 295 1410 diuersa
314 1331 449 1409 iudicia
473 1331 597 1408 eadem
619 1356 675 1406 res
693 1331 837 1410 distrahi
862 1337 978 1432 potest
996 1361 1066 1436 pro

43 1447 132 1522 nerso
166 1448 372 1524 hominum
400 1444 522 1533 sensu,
575 1468 645 1543 pro
681 1445 900 1545 diuersoque
942 1474 1065 1532 rerum

43 1566 265 1660 minumquc
291 1558 472 1658 respetiu;
507 1557 598 1635 alter
616 1558 808 1638 seruilibus
825 1562 983 1660 ingeniis
999 1564 1067 1640 im.

43 1678 127 1763 rari,
178 1676 366 1792 ingenuis
384 1686 422 1749 et
455 1672 626 1749 ciuilibus
659 1676 819 1772 praecipi
849 1675 930 1750 vult
963 1676 1065 1757 alter

43 1788 292 1887 'putandum
280 1811 368 1863 vero
393 1802 488 1874 erut,
531 1786 640 1867 uliam
664 1801 829 1864 veterum
846 1790 991 1864 istarum
1014 1791 1067 1865 le-

43 1901 272 1978 mindolem
295 1898 420 1989 fuisse,
450 1897 558 1980 aliam
581 1899 856 1990 Romanarum,
895 1925 985 2002 quas
1005 1903 1067 1981 Se·

43 2041 85 2092 ca
97 2016 325 2116 respiciebat
369 2015 462 2092 Sane
479 2037 519 2088 en
538 2037 633 2144 quae
652 2015 725 2091 de
715 2039 794 2094 rure
812 2015 1065 2114 personarum

43 2131 269 2214 rotraduum,
298 2142 335 2204 et
350 2127 398 2204 fic
416 2152 540 2227 porro,
565 2131 644 2204 iure
661 2127 763 2210 ciuili
779 2130 1062 2222 constituuntur,

43 2248 280 2344 xprooemia,
297 2244 432 2342 vulgus
449 2243 493 2323 de
515 2244 603 2318 iuris
624 2258 687 2317 aut
705 2244 845 2319 ratione
862 2258 925 2325 aut
939 2248 1065 2346 aequi·
1191 2301 1195 2311 .

43 2360 300 2446 teedocentia‚
331 2357 548 2450 admittunt3
593 2371 629 2432 at
658 2360 695 2443 in
728 2356 801 2433 istis
829 2358 973 2456 legibus
1011 2384 1063 2450 ea,

43 2494 106 2547 ram
123 2495 195 2548 nos
222 2472 391 2572 politiam
414 2494 606 2558 vocamus,
638 2469 697 2552 vel
713 2472 872 2547 maxime
897 2475 1065 2550 contine-

43 2599 102 2661 tur
143 2611 216 2663 vna
248 2609 334 2661 cum
363 2585 498 2665 ethicis.
559 2582 796 2668 Prooemium
826 2587 951 2685 itaque
983 2613 1090 2675 nonv

45 2700 93 2775 ale
110 2699 430 2778 accommodatum
446 2698 560 2775 videri
579 2713 733 2798 poterat,
763 2721 840 2797 quo
861 2701 963 2799 leges
985 2717 1065 2778 tan

43 2835 109 2890 um
122 2829 277 2914 paterno
294 2812 423 2891 affeciu
438 2812 630 2892 suaderent
639 2835 685 2889 ac
705 2817 1012 2916 uronetentciues
1028 2830 1065 2902 et

43 2925 277 3028 subsequium
296 2927 547 3019 hortarentur3
577 2949 700 3025 neque
719 2926 825 3015 adeo,
854 2920 1001 3027 quaein
1018 2908 1086 3006 eo·

43 3056 210 3131 :,currunr
238 3065 441 3142 poenarum
463 3042 683 3121 minutiones
708 3064 779 3146 pro
795 3039 978 3123 sannione
1003 3044 1067 3123 ha·
1170 3130 1171 3137 Ν

43 3175 78 3230 ιιι
71 3154 237 3262 possunt
254 3180 295 3235 ac
315 3156 452 3237 debent
473 3148 538 3260 *).

930 3331 1066 3433 Neque

110 3516 280 3598 Subiungit
312 3517 416 3602 musso
442 3517 509 3600 posi
536 3515 600 3599 ipse
626 3515 736 3582 Cicero
770 3517 965 3599 prooemium
988 3517 1069 3598 legis

108 3600 199 3674 suae,
229 3602 319 3665 cuiue
341 3601 491 3665 sententia
507 3600 568 3664 est·
594 3599 653 3663 eii'e
676 3604 767 3663 deum
788 3616 921 3682 eumque
944 3621 992 3662 ree
1011 3604 1069 3661 sur·

111 3704 217 3749 menae
244 3703 349 3759 entare
369 3705 406 3758 ae
426 3686 507 3749 bone
523 3684 663 3767 malaque
687 3705 718 3749 re
722 3685 847 3766 spicere.
892 3682 987 3766 Legis
1002 3683 1069 3746 suu

111 3765 293 3842 donauit,
322 3769 404 3845 be,
428 3768 750 3839 commendationem,
791 3767 936 3841 candem,
967 3788 1033 3848 ¹aqu
1019 3787 1069 3827 am

109 3872 183 3912 mox
204 3851 397 3932 prooemium
422 3862 531 3927 vocati
575 3849 702 3914 etsrhoc
728 3865 869 3910 nontam
894 3851 926 3912 in
945 3849 1069 3929 iegibus

110 3933 242 3995 omnino
264 3936 518 3998 commendandis
534 3933 687 4008 versatur,
709 3934 758 3993 sed
777 3943 898 3995 rantum
919 3934 956 3995 ed
972 3932 1069 4014 prima
1192 4004 1194 4011 y

110 4017 194 4100 segis
209 4016 309 4098 capita
323 4017 465 4107 reipsum
495 4020 528 4082 in
546 4015 660 4101 quibus
677 4019 714 4079 de
732 4016 937 4097 religionibus
954 4019 1069 4098 agitur.

46 4186 87 4269 ‘')
111 4189 183 4252 Non
205 4187 311 4271 itaque
337 4201 398 4254 tam
432 4191 578 4255 absonum
608 4191 640 4254 in
672 4191 723 4250 his
748 4185 915 4268 prooemiis
944 4180 1073 4247 Zaleuci

114 4287 146 4332 et
168 4272 347 4336 Charondae
367 4279 403 4336 nd
424 4280 554 4338 deorum
580 4295 619 4337 ac
646 4276 835 4335 daemonum
863 4287 979 4351 poenes
1002 4286 1074 4344 pro·

114 4355 231 4440 ιοοιιί.
278 4356 380 4425 Potuit
399 4360 460 4427 hoe
478 4358 562 4426 idem
584 4358 686 4425 secere
710 4355 828 4428 Mosen
855 4367 886 4414 er
907 4352 939 4413 in
962 4368 1075 4489 proog

1007 4450 1038 4495 ιιι

846 4627 852 4666 s
