2572 5094
529 704 822 742 Μ.

145 725 220 817 196

400 887 945 1021 Epimetrum

171 1105 218 1195 de
249 1105 480 1226 Pythagora
508 1128 546 1200 et
571 1108 829 1232 Pythagoreis
851 1107 1177 1230 legumlatoribro.

136 1325 407 1489 pythagoram
435 1391 587 1490 eiusque
610 1388 804 1469 familiares
825 1389 1019 1490 sapientiae
1042 1386 1198 1466 studium

137 1507 178 1579 in
216 1505 426 1581 ciuitatibus
460 1502 506 1579 ad
530 1502 724 1581 meliorem
746 1505 905 1581 formam
935 1503 1197 1580 constituendis

136 1634 174 1695 et
193 1622 232 1695 in
251 1618 397 1721 legibus
412 1619 657 1718 institutisque
673 1618 909 1696 emendandis
923 1614 1093 1718 posuiise,
1113 1640 1198 1694 con-

135 1734 230 1809 stans
245 1735 294 1809 est
311 1734 407 1810 fama
424 1731 488 1832 o).
547 1732 586 1809 Si
603 1746 726 1808 tamen
748 1756 861 1832 porro
884 1754 1054 1833 quaeras,
1088 1754 1198 1833 quae-

134 1871 223 1924 nam
244 1848 328 1924 illae
354 1850 519 1924 ciuitates
540 1847 696 1935 fuerint,
741 1847 879 1947 quidue
909 1846 1004 1923 illud
1029 1848 1197 1946 inprimis

135 1960 264 2050 fuerit,
306 1962 410 2061 quod
433 1980 569 2037 ¹eorum
595 1958 775 2037 beneficio
797 1964 836 2036 in
861 1961 993 2038 melius
1015 1974 1206 2036 mutatum·

133 2074 257 2175 fuerit,
274 2099 397 2154 rerum
406 2072 479 2151 fide
490 2076 717 2151 rememoria
728 2073 917 2174 destitutos
932 2098 1002 2151 nos
1010 2073 1197 2152 sentimus.

205 2270 253 2351 Et
265 2274 477 2375 mquidem,
490 2298 584 2374 quae
602 2272 767 2350 vniuerse
780 2272 825 2348 de
835 2272 982 2372 legibus
991 2287 1029 2351 et
1043 2277 1197 2351 monitis

133 2410 201 2489 per
216 2385 377 2487 Magnae
395 2386 568 2468 Graeciae
587 2389 751 2465 ciuitates
774 2383 1015 2486 aPythagora
1035 2392 1196 2490 acceptis

131 2507 172 2578 in
203 2500 432 2604 Jamblicho,
486 2499 693 2603 Porphyrio
710 2514 759 2579 et
787 2501 866 2578 aliis
901 2515 977 2578 tam
999 2501 1207 2602 magnifice

131 2610 485 2718 praedicanturb),
531 2628 696 2717 repetere
722 2615 839 2706 velle,
887 2617 996 2692 inane
1033 2617 1198 2695 studium

130 2732 247 2827 foret3
295 2725 600 2833 quandoquidem
632 2730 671 2806 id
695 2731 811 2809 modo
839 2731 1046 2832 quaeritur,
1091 2728 1197 2833 quod

130 2844 362 2950 aliquarum
384 2845 456 2924 fide
481 2844 654 2933 traditum
676 2844 725 2921 est
748 2838 804 2947 c).

242 3046 322 3125 Iam
339 3043 523 3135 Crotone,
555 3067 602 3120 en
619 3067 697 3145 quo
710 3039 933 3144 Pythagoras
948 3042 1051 3120 illam
1067 3045 1199 3126 vrbem

130 3161 241 3247 adiit,
269 3184 443 3259 magnam
466 3163 543 3237 eius
561 3159 725 3237 dodrina
754 3170 790 3234 et
808 3159 1020 3236 austeritate
1043 3183 1196 3237 momm

130 3299 174 3352 ac
204 3278 299 3351 vitae
328 3277 424 3351 inter
448 3276 547 3350 ciues
570 3271 638 3350 esse
668 3271 797 3350 fatiam
817 3274 1082 3362 mutationem,
1118 3287 1196 3351 tam

129 3390 337 3466 constanter
366 3386 521 3463 traditur
546 3402 627 3464 eta
658 3400 734 3464 tam
762 3388 938 3486 grauibus
971 3384 1194 3478 rudioribus,

129 3517 171 3578 vt
210 3506 251 3579 in
283 3502 553 3579 dubitationem
583 3503 708 3579 vocari
739 3515 900 3601 nequeat
926 3497 987 3595 d).
1062 3498 1194 3692 Ρίἓειιι

1146 3619 1196 3693 cit

169 3781 215 3865 a)
243 3781 396 3850 Videmus
423 3782 501 3847 baec
527 3781 634 3846 eadem
654 3801 756 3867 nuper
773 3781 888 3847 iterum
910 3779 944 3845 in
962 3777 1101 3845 medinm
1121 3799 1198 3865 pro·

240 3865 338 3947 pofita
359 3877 393 3930 et
421 3867 519 3930 molta
544 3867 686 3930 oratione
708 3876 816 3931 ornate
841 3887 859 3929 ι
884 3864 925 3936 V.
940 3865 977 3930 C.
1003 3863 1110 3928 Giiiiee
1134 3865 1196 3946 (in

242 3942 369 4036 History
389 3949 430 4032 of
446 3948 553 4016 Graece
573 3969 604 4033 p.
615 3967 675 4030 391
692 3949 775 4036 sqq.)

167 4059 210 4142 b)
232 4080 262 4124 v.
279 4082 308 4124 c.
340 4061 563 4126 eNicomacho
585 4061 737 4145 Porphyr.
770 4060 862 4131 1220·
879 4077 933 4133 21.
974 4065 1008 4125 et
1025 4057 1194 4135 melicn.

239 4143 259 4206 s.
277 4162 316 4223 33
334 4143 378 4230 sq.
419 4144 582 4228 Diogenen
599 4145 703 4209 Laert.
722 4144 815 4219 vlu,
830 4164 862 4225 3.

166 4257 206 4336 c)
228 4257 378 4321 Maiorem
391 4255 611 4321 eustoritatem
631 4257 745 4319 hebent
761 4255 830 4320 loca
843 4254 911 4320 Cic.
928 4249 1022 4320 Tusc.
1041 4248 1083 4329 Q.
1098 4251 1193 4332 1,1⁶.

240 4340 279 4415 V,
297 4359 328 4420 4.
370 4340 409 4402 de
427 4342 529 4406 Amic.
547 4360 577 4419 4.
619 4341 658 4403 de
673 4339 729 4404 Or.
745 4339 806 4414 111,
828 4357 880 4421 34.

162 4449 206 4533 d)
229 4447 385 4515 Praeclare
406 4451 482 4512 haec
497 4450 701 4533 persequutus
717 4450 761 4516 est
776 4450 912 4516 Meineta
930 4420 1032 4532 Gt'sch.
1048 4444 1079 4515 d.
1100 4444 1193 4534 Wtff.

240 4530 475 4601 Gmctenranas
493 4554 524 4619 p.
537 4546 599 4617 398
615 4534 680 4619 sqq.
