2542 5146
137 610 218 706 416
526 580 815 641 m

134 774 352 859 immortalis
368 770 470 863 Viri,
499 770 666 862 consilia,
695 774 809 852 studia
826 791 864 853 et
884 775 1039 856 labores
1070 779 1191 868 suerio

135 911 175 971 vt
193 915 293 969 nunc
309 912 514 990 exponam3
545 911 565 963 a
582 912 641 965 me
658 913 735 964 non
751 892 966 990 experiaris,
996 888 1191 971 Auditum

135 1023 173 1086 et
199 1006 322 1104 siquis
341 1003 525 1103 expellet,
556 1027 641 1089 cum
658 1027 761 1079 meus
787 1005 831 1080 ad
856 1007 951 1082 hanc
970 1007 1195 1096 Academim

135 1119 291 1200 accessus
313 1116 461 1217 abtiplrs
478 1119 685 1214 originibus
714 1122 822 1195 nimis
838 1120 953 1219 longe
985 1123 1105 1212 abiit,
1142 1114 1192 1223 qul

127 1241 258 1314 ³ruinas
287 1236 365 1310 eius
397 1231 579 1306 voluntati
608 1231 835 1319 satisfaciam,
875 1231 1109 1313 verecundia
1140 1263 1196 1320 ma*

134 1347 338 1430 intercedit
413 1340 472 1422 Est
494 1359 617 1420 tamen
647 1368 743 1443 opus
769 1346 980 1438 fundatum,
1024 1344 1198 1438 edudluu‘

135 1481 308 1542 ornatum
344 1458 547 1547 eiusmodi,
598 1473 638 1533 vt
672 1459 729 1535 vel
767 1464 888 1560 primo
918 1462 1098 1561 adspectu
1137 1464 1191 1542 sati

135 1579 288 1682 prodat,
319 1596 413 1674 quae
431 1596 554 1658 mens,
585 1595 679 1672 quae
705 1574 923 1672 prudentia,·
952 1600 1072 1675 quarn
1099 1599 1191 1679 capu

135 1694 262 1790 magni
280 1683 421 1766 consilii
441 1691 603 1765 animus.
636 1710 731 1785 quae
754 1710 921 1765 curarum
947 1692 1085 1780 molas,
1111 1715 1212 1797 quor*

134 1808 316 1891 studium,
343 1825 437 1901 quae
463 1801 599 1875 laboris
625 1801 908 1898 perseuerantia,
943 1806 1023 1881 aius
1056 1805 1130 1882 elle
1152 1809 1208 1901 da

132 1924 277 2006 buerit.
309 1921 373 2015 qui
395 1915 488 1991 illud
512 1915 689 1993 eduxerit.
761 1912 958 1995 Enimuero
986 1941 1059 1996 nec
1093 1924 1191 1997 mim·
1214 1988 1219 2020 ‚

131 2041 185 2115 ris
221 2032 349 2118 molis,
393 2031 487 2104 lorte
526 2031 636 2103 etiarn
669 2026 883 2107 difficilioris
910 2054 1019 2108 curae
1058 2058 1118 2110 res
1150 2019 1220 2110 etl.

134 2164 252 2246 remp.
278 2144 522 2221 academicam
546 2145 641 2218 bene
666 2143 851 2219 conditam
879 2147 972 2223 berre
989 2152 1110 2238 tueri,
1158 2153 1190 2223 in·
1216 2187 1221 2194 -

135 2265 264 2342 choata
289 2258 483 2359 perficere,
513 2258 654 2332 inlirma
669 2255 834 2347 firmare,
864 2259 908 2334 ad
924 2261 1091 2358 aliquam
1117 2263 1224 2343 cele<

135 2380 306 2456 britatem
322 2389 359 2449 et
376 2394 513 2447 nomen
539 2393 615 2446 non
635 2371 856 2449 clamoribus
872 2387 908 2448 et
923 2377 1024 2449 imni
1043 2375 1198 2474 strepitu.
1213 2372 1214 2377 ‘

136 2495 196 2571 led
220 2513 303 2565 vera
328 2510 368 2562 ac
395 2485 506 2561 l'olida
544 2500 581 2561 et
609 2483 774 2561 mansura
801 2485 927 2575 laude,
981 2490 1198 2567 academiam

135 2606 311 2696 euehere3
341 2598 481 2676 multas-
499 2623 573 2689 rea,
601 2623 695 2697 quae
710 2598 773 2674 tali
796 2603 883 2699 reip.
908 2601 1106 2679 litterariae
1123 2607 1195 2680 lata·

136 2722 190 2798 les
209 2716 277 2795 elle
301 2716 437 2801 lolem,
467 2713 674 2812 praecidere
695 2713 752 2788 ael
771 2717 1080 2814 occupare‚alias,
1116 2743 1198 2817 qua.
1220 2739 1226 2785 r

136 2834 330 2910 utilitatem
356 2831 489 2905 habere
520 2825 685 2926 polluat,
723 2829 895 2905 adiuuare
924 2847 960 2905 et
988 2844 1190 2928 temperare
1237 2908 1239 2926 ἑ

133 2945 337 3028 Primordia
355 2947 454 3018 enim
479 2945 678 3040 unicuique
697 2942 901 3020 academiae
924 2943 997 3042 ipsa
1022 2945 1074 3018 rei
1098 2954 1203 3021 noui·
1237 2939 1239 3029 i

132 3078 209 3140 tate
235 3060 281 3136 ad
309 3059 442 3134 lamam
470 3055 631 3154 aliquam
656 3054 737 3130 sunt
758 3055 930 3150 salutarim
968 3059 1027 3132 vbi
1055 3081 1146 3134 vero
1169 3065 1199 3134 iu

134 3180 250 3256 altum
277 3171 398 3249 euetra
421 3171 524 3246 nauis
553 3169 696 3245 curium
729 3172 914 3259 instituere
937 3175 1082 3269 coepit,
1126 3197 1204 3273 pro·

134 3290 274 3391 speilus
293 3285 415 3363 taedio
440 3284 521 3358 vicli
543 3282 712 3360 homines
738 3286 783 3360 ad
806 3285 891 3361 alias
917 3310 1020 3361 curas
1043 3290 1078 3362 l'e
1106 3312 1201 3364 auer-

134 3418 221 3482 tunt
229 3427 240 3496 3
275 3404 412 3477 interea
432 3397 495 3474 illa
509 3398 687 3474 immenso
705 3416 823 3497 ponto
840 3401 963 3475 iailata
986 3403 1106 3478 modo
1129 3402 1200 3478 veli

137 3533 200 3595 aut
223 3515 329 3593 funes
351 3512 492 3589 accusat
514 3532 644 3610 parum
663 3512 839 3602 idoneos,
876 3515 985 3588 nimis
1016 3513 1125 3592 laxos
1149 3514 1201 3593 vel

134 3636 321 3718 intentos,
351 3627 466 3704 modo
479 3625 596 3701 lucios
621 3627 767 3702 nauales
790 3649 919 3726 parum
935 3644 1070 3724 operae
1088 3631 1207 3704 interi·

134 3757 214 3839 t0s3
241 3747 337 3821 inter
351 3742 441 3817 haec
464 3762 505 3815 ea
523 3737 774 3838 adscopulum
792 3741 952 3840 aliquem
968 3740 1060 3817 iulet
1076 3742 1210 3818 adhae-

134 3859 272 3938 rescere
298 3879 367 3936 uec
392 3853 535 3931 cursum
555 3868 692 3928 tenere.
767 3855 957 3931 Summam
978 3859 1091 3953 igitur
1117 3877 1212 3953 pru·
1237 3932 1239 3938 ⁴

136 3975 281 4053 dentiae
298 3993 346 4046 ac
367 3972 479 4045 mirae
509 3966 661 4044 alicuius
689 3966 868 4046 sollertiae
896 3990 1076 4066 curaeque
1101 3969 1208 4046 iude·

135 4082 242 4166 fellae
272 4083 419 4161 laudem
448 4084 645 4181 prouenire
670 4077 809 4159 necesse
836 4084 886 4159 est
908 4106 955 4160 err
975 4084 1087 4159 rebus
1114 4084 1208 4161 Aca·

137 4199 295 4288 demiae,
341 4222 361 4273 a
388 4201 512 4295 primis
546 4195 714 4271 nalcendi
749 4199 959 4297 primordiis
987 4195 1205 4298 progrellae,

136 4313 290 4394 feliciter
323 4312 576 4388 administratis
603 4328 640 4385 et
669 4309 714 4387 ad
741 4317 921 4389 maiorum
954 4339 1078 4388 rerum
1104 4316 1205 4388 initia

138 4451 142 4467 ·
351 4452 353 4461 ’
1009 4428 1201 4524 prouetlis.
