2542 5146
44 236 282 346 ad

486 660 770 695 m

91 704 175 782 420
487 695 768 715 ·····““·“···“

212 842 357 926 Interea
375 844 416 922 in
440 839 657 929 Academiae
675 845 918 947 descriptione
944 861 984 923 et
999 848 1182 924 constitn-

95 968 200 1050 tione
228 986 313 1040 cum
338 963 384 1038 ab
406 964 514 1038 initio
537 974 618 1038 tom
648 975 861 1061 temporum
887 959 1050 1042 successu
1086 961 1179 1037 disii-

97 1079 283 1158 mulanter
298 1075 455 1176 plurima
474 1078 642 1166 mutauit,
669 1076 784 1153 multa
801 1076 934 1153 adiecit
950 1077 1176 1152 immortalis

98 1192 405 1280 Mvucunvsrvs,
451 1190 587 1289 quibus
612 1187 712 1289 quali
736 1212 781 1264 ex
806 1189 900 1266 cella
925 1191 1173 1266 monasteriali
1220 1205 1226 1363 p

99 1309 140 1383 in
162 1328 335 1403 campum
351 1319 398 1379 vet
418 1304 613 1403 puluerem
630 1305 724 1381 vitae
744 1304 865 1379 ciuilis
891 1303 1058 1391 eruditio
1089 1304 1173 1379 edu·
1223 1329 1226 1394 j

100 1433 255 1497 ceretur.
309 1411 479 1493 ¹Primum
498 1417 674 1494 liberiorem
693 1418 881 1526 cogitandi,
894 1414 1070 1521 sentiendi,
1094 1419 1171 1522 scri·

59 1567 62 1574 ·
102 1532 208 1619 bandi,
240 1531 344 1608 sciuit
360 1547 395 1607 et
411 1525 598 1626 fundauit3
629 1555 702 1632 qua
717 1556 761 1607 an
780 1534 896 1607 maius
914 1533 1062 1608 bonum
1078 1555 1170 1608 mor·
1225 1587 1226 1616 2

102 1648 239 1726 talibus
267 1647 344 1720 dari
367 1645 474 1744 pollrt
492 1645 642 1739 dubito;
677 1659 736 1734 vt,
766 1645 959 1722 srnullum
983 1645 1092 1723 aliud
1118 1649 1171 1722 be·
1222 1679 1226 1784 p

103 1760 280 1839 neiicium
301 1757 426 1857 Regiis
459 1758 624 1858 auspiciis
652 1761 691 1834 in
719 1784 788 1835 nos
824 1758 1059 1849 contulisset,
1106 1761 1173 1836 hoc
1221 1785 1224 1867 l

104 1899 182 1952 vno
206 1888 329 1949 tamen
355 1875 507 1949 nomine
532 1871 749 1950 Germaniae
774 1873 924 1950 deliciae
945 1871 1173 1951 Mvucnuv-

105 2014 183 2067 saus
200 1985 285 2063 esset
300 1987 550 2088 appellandus.
610 1987 709 2064 Nam
727 1986 796 2063 hac
814 1986 885 2086 ipsa
904 1990 995 2063 rein
1013 1987 1174 2088 singulas

105 2104 183 2180 fere
208 2101 425 2199 disciplinas,
455 2103 494 2176 in
514 2101 697 2179 historicas
718 2104 907 2200 inprimis,
939 2116 977 2176 et
992 2098 1092 2178 luris
1110 2127 1176 2202 pu·

105 2215 195 2293 blici
228 2214 481 2314 disciplinam,
540 2216 663 2293 lucem
694 2216 820 2291 intulit
853 2238 991 2292 nouam
1026 2215 1178 2317 lateque
1221 2258 1226 2310 t

105 2332 231 2407 omnia
254 2328 499 2424 collustrauit3
528 2328 637 2406 srmul
652 2353 717 2428 per
739 2330 824 2405 alias
846 2328 1068 2406 Germaniae
1096 2354 1180 2428 par·
1220 2305 1226 2480 ι

106 2458 183 2532 tea,
235 2446 345 2519 etiam
362 2446 401 2519 in
423 2442 501 2518 aliis
519 2440 728 2519 officiorum
754 2468 796 2520 ac
818 2468 938 2518 rerum
962 2445 1180 2541 generibus,

105 2559 283 2635 libertatis
322 2556 415 2634 reue
454 2557 633 2632 sentiendi
669 2572 843 2656 tanquam
885 2556 983 2655 figna
1026 2555 1179 2631 extulit.
1222 2629 1225 2652 s

107 2671 194 2752 Hoc
208 2685 311 2748 tanto
327 2673 430 2748 bono
446 2668 665 2747 Germaniae
678 2686 802 2770 parto,
832 2672 930 2748 salue
945 2667 1183 2746 almavGeor·

107 2789 168 2886 gia
183 2785 355 2884 Augusta,
382 2809 465 2861 vere
483 2783 653 2882 Augusta,
682 2784 797 2864 sanila
817 2781 1012 2861 Libertatis
1029 2808 1179 2884 parens,

106 2900 154 2976 ad
179 2899 414 2976 humanitatis
437 2900 548 2975 decus
573 2919 610 2973 et
626 2914 882 2975 ornamentum
901 2914 992 2974 nata.
1052 2894 1180 2976 Huius

108 3013 287 3091 libertatis
312 3015 536 3111 cogitatione
554 3015 719 3088 animum
737 3038 860 3088 meum
880 3035 1050 3092 curarum
1075 3012 1180 3088 labo-

110 3150 269 3228 rumque
301 3125 498 3204 asliduitate
528 3126 680 3203 statium
711 3127 815 3227 saepe
848 3128 1009 3204 recreare
1043 3125 1177 3204 soleo:

110 3241 160 3320 At
174 3241 268 3317 liber
282 3257 404 3317 tamen
421 3238 517 3317 sum!
548 3242 662 3317 libere
679 3243 821 3330 viuere,
851 3242 983 3328 dicere,
1013 3240 1180 3316 iudicare

110 3356 313 3443 derebus,
359 3379 401 3432 ac
427 3367 510 3431 tuto
538 3352 701 3455 possum!
769 3352 855 3432 Hoc
886 3353 1040 3454 quidem
1072 3356 1178 3430 bono

110 3471 294 3546 contineri
316 3468 426 3545 video
455 3469 633 3568 quicquid
649 3471 777 3547 ceteris
805 3473 898 3545 vitae
920 3471 1027 3543 boans
1049 3468 1181 3546 dulce·

109 3583 234 3660 dinem
249 3606 373 3658 veram
389 3599 425 3659 et
443 3583 590 3683 plenam
609 3586 873 3661 iucunditatem
889 3581 1081 3658 affundere
1098 3599 1182 3681 pot-

86 3710 89 3717 ’
110 3699 161 3775 esi
168 3723 179 3791 3
197 3708 233 3772 et
247 3693 321 3773 hoc
331 3698 434 3773 bono
448 3712 577 3797 erepto
585 3713 791 3775 ceterorum
801 3700 987 3773 bonorum
1004 3699 1180 3773 omnium

110 3810 289 3898 srutlum,
338 3810 541 3909 studiorum
571 3810 785 3902 illecebrae,
824 3813 964 3910 ingenii
997 3809 1179 3900 fomenta,
1223 3896 1224 3899 Ἴ

109 3928 310 4023 ingenuam
329 3923 548 4013 dotirinam,
580 3926 803 4025 sapientiam,
832 3928 1035 4014 veritatem,
1062 3926 1180 4025 ipsam
1217 3922 1226 3949 “

108 4038 375 4115 humanitatem
391 4041 493 4139 eripi.
550 4037 658 4117 Hanc
678 4041 836 4116 nostram
850 4040 1063 4115 felicitatem
1084 4040 1180 4116 sum·

108 4179 209 4230 mam
231 4156 438 4241 teneamus,
472 4150 656 4247 oPatres3
696 4155 839 4230 homini
863 4153 985 4230 l'obrio
1004 4178 1046 4229 ac
1063 4179 1178 4253 gene·

109 4255 194 4344 roso
218 4266 357 4343 miseria
374 4269 527 4366 cogitari
546 4271 662 4344 maior
680 4271 797 4368 potest
818 4268 939 4356 trulla,
971 4289 1082 4368 quam
1101 4274 1174 4347 ani·

107 4384 160 4457 mi
184 4381 322 4472 sensus,
355 4383 496 4483 ingenii
518 4384 687 4472 inuenta,
721 4388 854 4461 mentis
872 4382 1026 4469 iudicia,
1072 4394 1180 4462 metu

574 4535 576 4537 >
1005 4496 1181 4588 aliorum,
