2542 5010
484 147 763 160 “·“·““““
1107 140 1155 222 87

93 319 95 349 ³
137 321 194 372 eum
212 299 349 372 erinitum
359 294 449 396 fia'm
474 302 641 395 apparet,
674 301 779 375 cuius
807 322 885 375 non
902 299 1004 376 oculi
1031 303 1159 378 animiss

132 435 181 510 que
197 411 236 486 ud
256 409 395 486 caelum
421 410 588 486 conuerfi
611 412 713 487 lunt?
773 413 844 490 Sed
861 415 1153 516 aufiduilatrqno·

88 597 89 603 ,
126 527 235 612 tritam,
263 540 301 601 rt
324 521 515 601 Ciceronis
537 527 656 601 verbis
685 542 847 617 utamur,
884 531 1155 633 etennsrrelrrdr'ne
1194 524 1198 529 ⁴

88 678 90 729 j
124 643 271 723 mularum,
313 640 504 743 adsuescunt
528 644 648 720 animi.
691 667 787 740 raeque
816 641 1025 720 admiruntur
1056 671 1154 743 nrum

121 759 253 851 requirant
282 759 424 831 ruliumr
455 781 718 839 rerumrerum,
766 783 846 854 quar
867 761 994 860 semper·
1017 761 1153 861 rxidrntg

118 869 225 966 proinde
239 873 328 973 quast
351 871 481 945 nouiter
498 895 557 945 nor
580 874 683 966 magis
707 895 803 966 quum
826 875 1017 969 magnitudo
1042 903 1150 950 rernm

84 1012 85 1016 Ν
121 984 200 1059 luen
211 990 356 1061 eantare.
417 983 568 1082 Sapiens
587 987 722 1083 itaque,
753 1009 830 1060 non
850 986 913 1061 ille
930 1011 976 1063 ex
999 991 1147 1086 porticu

55 1128 61 1205 ι
121 1122 165 1173 ure
184 1123 225 1175 ex
240 1099 364 1175 schola
387 1097 618 1186 formulam,
647 1099 705 1174 sed
725 1101 790 1195 qui
816 1098 861 1174 ad
878 1103 970 1176 vitae
991 1100 1100 1176 vlum'
1114 1120 1151 1177 et

85 1213 86 1305 j
119 1209 292 1289 felicitatem
310 1212 596 1288 transferendam
614 1212 677 1288 srbi
693 1210 761 1289 elle
778 1211 1051 1313 philosophiam
1066 1240 1151 1291 cen·

86 1317 87 1320 '
119 1325 165 1414 let,
186 1316 354 1424 magnam
380 1326 432 1401 lui
458 1326 563 1402 studii
587 1341 727 1426 partem
754 1331 863 1426 ponit
879 1330 917 1402 iu
933 1353 998 1415 eo,
1029 1345 1066 1404 vt
1081 1332 1149 1404 ob-

17 1460 26 1478 ·
84 1440 153 1514 ria
175 1465 338 1541 quaeque
369 1456 405 1515 et
431 1440 621 1539 vulgaria,
682 1464 775 1540 quae
806 1457 890 1517 ante
921 1444 1058 1541 pedes,
1110 1446 1150 1520 in

117 1559 248 1632 ennium
274 1553 469 1653 conspeilu
491 1556 685 1653 oculisque
708 1555 839 1654 polita,
876 1559 1047 1634 omniurn
1074 1583 1151 1635 ma-

118 1670 194 1744 nibus
217 1673 299 1746 trita
331 1669 551 1768 tractataque
572 1670 673 1757 sunt,
715 1672 877 1746 excutiat
900 1687 937 1748 et
965 1673 1145 1769 exploret,

116 1802 249 1885 quaeque
289 1786 333 1858 iis
369 1782 444 1859 liue
478 1785 523 1860 ad
557 1787 651 1858 vitae
685 1784 861 1861 miseriam
892 1788 1144 1877 minuendam,

117 1895 166 1972 lue
190 1900 232 1976 ad
261 1898 444 1974 felicitatis
474 1897 644 1998 publicae
685 1900 918 2001 priuataeque
956 1905 1146 1978 materiem

80 2004 81 2009 ’
118 2014 289 2108 aagendam
310 2010 438 2099 iniunt,
465 2014 644 2089 extundat
669 2031 705 2088 et
722 2015 900 2113 exquirat.
960 2012 1062 2090 Idem
1082 2016 1147 2093 ille

17 2163 41 2183 -
114 2123 239 2222 lipiens,
271 2128 361 2203 dum
378 2124 509 2203 sortem
527 2126 755 2231 aequabilem
777 2143 813 2202 et
827 2131 864 2202 in
882 2147 1048 2205 neutram
1065 2155 1146 2227 par-

72 2277 77 2304 :
112 2254 163 2316 tem
191 2242 423 2340 conspicuam
460 2243 635 2317 eminenti
672 2256 709 2316 et
738 2242 938 2318 inuidiolae
974 2244 1145 2319 furtunae

110 2357 257 2432 anteferre
283 2379 359 2431 non
376 2355 547 2442 dubitat,
579 2378 661 2431 eum
680 2355 829 2431 demum
848 2358 943 2430 vitae
965 2355 1046 2432 suae
1065 2381 1147 2432 cur-

107 2466 162 2545 sum
180 2470 382 2547 secundum
399 2470 535 2545 iudicet
557 2467 695 2545 necesse
718 2472 788 2557 est,
828 2492 940 2573 quem
970 2471 1065 2545 inter
1090 2495 1147 2548 res

102 2585 225 2661 modice
241 2584 431 2684 prospera
455 2587 579 2658 animo
597 2606 716 2682 aequo
746 2597 781 2659 et
800 2583 1002 2680 tranquillo
1027 2583 1147 2661 nulla-

46 2762 51 2779 .
100 2718 155 2794 que
171 2701 339 2775 l'ortunae
362 2703 401 2772 in
424 2699 632 2775 alterutram
651 2712 793 2797 partem
812 2692 1050 2777 viciffitudine
1068 2713 1146 2776 tur-

95 2813 164 2890 bato
188 2816 361 2911 exegerit.

17 817 50 881 lE

32 2891 39 2951 ἓ

190 3034 338 3113 Scilicet
353 3033 570 3110 mortalibus
592 3031 618 3107 lr
642 3055 713 3131 qua
742 3034 815 3109 vita
842 3033 945 3111 beata
976 3038 1145 3134 contigit,

85 3174 120 3227 ea
137 3147 208 3226 elle
229 3148 424 3225 iudicanda
442 3141 509 3236 est',
541 3170 653 3246 quam
679 3162 715 3223 te
734 3151 858 3224 viuere
881 3153 943 3224 vix
958 3149 1149 3237 sentiebas,

17 3264 19 3285 ³
81 3260 204 3340 rixilse
227 3263 449 3354 recordaris,
481 3279 653 3360 tanquam
677 3261 881 3352 somnium,
911 3264 1150 3364 quodmodo

79 3378 231 3454 effluxit.
305 3375 404 3452 Nam
438 3379 502 3475 qui
530 3376 814 3467 eamlelicitatii
848 3379 1053 3454 mensuram
1081 3374 1151 3453 elle

17 3472 18 3483 ἵ
80 3493 186 3580 velit,
228 3503 268 3566 vt
293 3490 435 3566 nullam
462 3492 581 3578 diem,
622 3491 763 3566 nullam
794 3492 944 3581 horum,
996 3493 1152 3567 feliciter

77 3602 237 3705 exegisse
264 3605 474 3693 arbitretur,
517 3604 583 3679 nisr
613 3628 699 3682 cum
722 3608 821 3706 apud
851 3606 885 3681 le
915 3607 1070 3682 diceret:
1117 3619 1155 3679 at

77 3723 231 3797 beatum
249 3716 329 3792 me!
359 3743 427 3794 nae
441 3723 482 3804 is.
506 3743 685 3807 veremur,
707 3744 744 3795 rt
765 3744 937 3818 magnam
958 3723 1053 3794 vitae
1073 3720 1172 3793 suae·

75 3852 221 3936 partem
240 3854 327 3908 cum
342 3831 513 3910 felicitate
529 3834 764 3936 cuniuntlam
778 3831 881 3911 fuiffe
897 3833 1019 4022 diclere
1033 3829 1153 3931 pollrr.

551 4045 553 4047 ι
585 3947 612 4024 F
648 3979 671 4045 4
989 3945 1157 4020 erleunti-
