2542 5146
142 670 225 745 430
863 772 865 777 Α

31 842 32 846 ‘
140 813 341 900 acuminis,
390 810 586 896 acerrimae
624 805 884 907 perspicaciae,
932 810 1087 890 subadi-
1114 813 1215 913 longo

141 932 319 1027 uarioque
341 948 464 1000 rerum
484 924 546 999 vsu
564 922 711 1007 iudicii.
743 926 855 999 animi
873 928 1125 1019 intentionis,
1158 930 1216 1006 alli·
1244 1002 1245 1019 ζ

141 1046 309 1132 duitatis,
335 1039 547 1138 laborisque
569 1040 762 1136 patientiae
789 1040 1045 1131 incredibilis,
1083 1045 1133 1121 ab
1158 1069 1216 1121 rnu

139 1172 264 1237 tamen
296 1156 421 1231 omnia
455 1154 517 1228 ista
539 1149 666 1251 perfici
691 1155 898 1248 potuerint,
937 1179 1146 1256 appareat,
1178 1177 1218 1236 te-

141 1275 277 1360 neatiS,
312 1293 338 1346 o
364 1267 546 1356 quenes,
582 1267 759 1365 'pulchrae
785 1265 904 1342 laudis
929 1271 1146 1369 cupiditate
1166 1278 1214 1348 in·

140 1386 328 1473 flammati,
357 1384 510 1459 teneatis
531 1379 615 1469 hoc,
645 1380 847 1457 iuuenilem
866 1387 945 1458 eius
964 1381 1053 1461 Viri
1073 1402 1211 1464 aetatem

141 1503 264 1580 omnis
292 1497 460 1599 historiae
487 1497 702 1595 cognitione
736 1496 936 1584 imbutam,
981 1497 1212 1578 humanitatis

140 1617 273 1694 litteris
311 1609 414 1689 luisse
453 1609 656 1686 admodum
692 1608 878 1685 excultam
917 1635 1212 1716 magnorumque

140 1729 325 1806 vetustatis
348 1726 584 1824 ingeniorum
618 1724 865 1800 contubernio
899 1741 1046 1803 mature
1076 1727 1214 1807 assueb
1244 1760 1254 1880 q

142 1844 244 1920 dam.
319 1838 461 1918 Harum
487 1839 688 1914 litterarum
712 1837 908 1914 dulcedine
931 1838 1047 1917 semel
1074 1845 1214 1922 imbuto
1249 1883 1252 1904 ι

141 1961 267 2035 animo
285 1978 356 2031 nec
377 1957 414 2030 in
446 1951 723 2052 negotiostllrma
753 1955 844 2042 vita,
883 1957 1015 2030 necin
1043 1959 1238 2055 pronedr,

140 2073 298 2160 sentila,
327 2068 478 2144 deliciae
496 2068 578 2143 suae
601 2067 826 2143 effluxerant.
894 2066 1102 2148 Neminem
1130 2073 1215 2148 vidi·
1249 2112 1256 2222 q

139 2210 241 2274 mus,
272 2185 340 2284 qui
361 2181 574 2258 sententiam
596 2186 727 2258 veteris
754 2178 954 2279 scriptoris,
985 2185 1045 2259 vel
1076 2189 1216 2264 versum

141 2315 218 2379 tam
246 2296 444 2376 commode
467 2296 650 2385 laudaret,
688 2309 727 2372 vt
748 2309 869 2371 toturn
893 2300 1092 2394 negotium
1124 2303 1213 2378 deci·

140 2415 266 2508 deret3
291 2411 450 2488 vidimus
472 2412 679 2498 neminem,
710 2411 775 2510 qui
790 2408 969 2486 scribendi
987 2435 1133 2510 genere
1147 2416 1213 2493 hoc

140 2540 323 2616 uteretur,
375 2525 523 2616 seuere,
569 2522 707 2624 presio,
752 2538 906 2623 arguto;
954 2549 1026 2604 nec
1054 2526 1214 2606 subtrahi
1253 2518 1256 2528 ἦ

141 2644 295 2719 verbum
314 2655 477 2740 poterat,
518 2662 588 2715 nec
617 2638 734 2714 adiici.
804 2637 934 2718 Virum
958 2639 1091 2718 litteris
1122 2647 1214 2745 poli·

142 2754 333 2843 tissimum,
370 2756 518 2833 summis
542 2737 896 2856 negotiis'curisque
925 2755 1128 2850 versatum,
1161 2761 1213 2852 rel

139 2873 180 2953 in
196 2869 364 2948 familiari
389 2867 540 2971 epistola
568 2866 793 2967 agnosceres.

254 3093 362 3174 Nihil
391 3093 515 3191 itaque
548 3087 617 3177 est,
662 3109 686 3163 o
711 3086 831 3176 boni,
879 3085 984 3187 quod
1014 3091 1212 3184 miremini,

140 3210 298 3301 Virum,
346 3210 411 3307 qui
442 3201 723 3281 adolescentiam
753 3214 829 3277 tam
867 3201 1051 3301 praeclare
1088 3207 1212 3284 studiis

138 3327 299 3406 honestis
318 3324 519 3407 imbuerat,
546 3314 690 3393 virilem
706 3328 861 3394 aetatem
886 3314 1102 3414 grauillimis
1121 3325 1215 3399 curie

139 3440 431 3536 muneribusque
460 3434 547 3532 reip.
573 3427 863 3530 splendidislimis
889 3447 1124 3524 exercuerat,
1170 3434 1214 3513 ad

139 3553 347 3636 mirabilem
374 3550 470 3626 hanc
491 3546 618 3623 iudicii
643 3547 888 3620 maturitatem
913 3558 951 3620 et
973 3543 1215 3628 subtilitatem

57 3698 62 3708 ¹
140 3664 362 3772 peruenisse,
398 3676 439 3740 ut
459 3659 601 3760 ingenii
623 3656 883 3758 dodirinaeque
909 3658 1043 3743 arbiter
1075 3675 1113 3738 et
1139 3663 1215 3764 spe·

139 3786 255 3862 tiator
275 3773 612 3866 essetacutillrmus;
640 3785 678 3850 vt
696 3771 876 3861 consiliis,
906 3776 1078 3864 monitis,
1108 3802 1215 3877 prae.

141 3900 277 4001 ceptis,
312 3896 439 3981 iuuare
472 3902 509 3965 et
530 3911 657 3986 regere
681 3883 797 3987 posset
821 3910 891 3963 nos
915 3910 1067 3982 omnes3
1107 3908 1152 3968 vt
1176 3894 1215 3969 in

138 4013 207 4093 suo
231 4030 418 4112 quemque
452 4001 636 4082 doetrinae
663 4023 799 4099 genere
831 4000 947 4077 multa
978 4001 1215 4084 saluberrime

138 4123 330 4214 moneret,
361 4143 454 4223 quae
475 4118 595 4215 longo
620 4139 744 4192 rerum
772 4114 834 4192 vsu
854 4114 1005 4204 edotius
1028 4116 1074 4194 ad
1098 4121 1214 4198 vitam

140 4241 291 4325 ciuilem
317 4235 586 4333 utilitatemque
603 4229 814 4330 publicam,
849 4231 888 4303 in
906 4253 1055 4330 quaque
1081 4257 1142 4325 re,
1174 4238 1212 4312 in

140 4378 290 4463 quaque
326 4347 534 4449 disciplina,
580 4347 740 4427 maxime
787 4342 977 4422 desiderari
1007 4347 1210 4446 cognosset.
