2542 5010
157 868 207 956 est
224 866 374 966 legendi
393 890 435 944 ac
449 865 639 952 scribendi,
667 868 836 969 reeteque
856 867 1038 967 loquendi
1053 864 1215 947 aliorum·

158 1006 231 1083 que
248 981 340 1067 ditia
359 981 604 1080 intelligendi,
635 982 846 1060 facultatem
862 979 1084 1060 Charondae
1103 993 1211 1058 curan
1238 994 1241 997 ‘

157 1092 322 1196 spetialle
343 1117 390 1172 ex
406 1097 449 1171 iis
468 1094 550 1196 ipsis
574 1094 811 1195 intelligitur,
826 1096 887 1177 ,ad
906 1118 1001 1197 quae
1018 1093 1207 1182 Diodorus,

157 1212 255 1293 i'orte
282 1207 363 1288 latis
386 1210 620 1309 importune,
669 1210 793 1299 loco,
816 1233 892 1310 quo
916 1209 1007 1288 haec
1032 1222 1203 1295 memorat,
1242 1227 1253 1299 :3

156 1323 381 1420 digreditur,
412 1323 502 1401 dum
521 1324 722 1400 litterarum
738 1323 864 1420 laudes
883 1321 1203 1423 praeconioamplo
1249 1315 1260 1372 ³-

156 1450 274 1525 ornat.
334 1437 481 1515 Scilicet
503 1439 691 1537 ignorauit
716 1434 867 1515 Graecia
902 1435 1124 1515 vtiliffirnunr
1147 1436 1200 1512 hoc

157 1551 385 1643 institutum,
425 1567 465 1644 at
481 1552 630 1651 publice
646 1547 758 1628 ellent
772 1553 976 1640 constituti,
1007 1552 1073 1650 qui
1088 1551 1198 1628 litterar
1251 1653 1252 1656 Ν

158 1665 355 1761 docerent3
403 1665 707 1765 quandoquidem
732 1666 772 1740 in
799 1666 1007 1742 ciuitatibus
1033 1665 1198 1744 liberisue

156 1779 332 1880 populari
348 1780 465 1860 forna
491 1778 676 1878 descriptis
700 1801 721 1855 a
740 1781 1084 1878 priuatocuiusque
1104 1778 1198 1860 studio

155 1916 199 1973 ac
218 1897 460 1974 contentione
480 1883 665 1993 'experrari
686 1893 821 1997 potest,
866 1906 905 1968 vt
926 1892 1200 1994 liberalilibero·

156 2030 242 2082 rum
263 2009 461 2089 nutritiuni
484 2007 689 2107 prospiciat.
764 2004 938 2083 Priuatim
968 2021 1092 2084 tamen
1119 2004 1203 2083 drr'ci
1251 2012 1252 2015 ’

154 2116 280 2219 plinae
302 2124 461 2218 pretium
489 2144 529 2198 ac
553 2144 691 2197 merces
714 2119 879 2220 sophistis
909 2121 1090 2218 primum,
1138 2136 1206 2195 tun
1260 2198 1261 2201 a

152 2229 382 2332 philosophis
406 2258 448 2311 ac
475 2235 684 2312 rhetoribus
708 2236 910 2333 ceterisque
933 2233 1140 2311 liberalium
1164 2257 1210 2308 ar·
1261 2247 1263 2280 ³

151 2349 247 2421 tium
272 2347 449 2445 magistris
474 2346 566 2424 solui
592 2350 726 2448 ooepit.
798 2344 950 2425 Publica
976 2372 1067 2426 vero
1090 2350 1212 2428 artium
1270 2384 1271 2389 Ν

148 2457 411 2558 profelsoribus
429 2461 607 2562 stipendia
627 2459 881 2550 Mallilieules,
911 2485 1002 2538 mox
1018 2465 1127 2539 etiarn
1142 2460 1212 2539 Ro·

150 2575 270 2664 mani,
302 2574 590 2669 constituerunt3
626 2599 701 2676 qua
721 2575 767 2652 de
785 2600 824 2652 re
849 2575 964 2654 multi.
981 2589 1139 2673 egerunt
1158 2598 1215 2653 co

150 2686 262 2785 piose.
323 2688 428 2781 Quid
450 2701 573 2766 autem
592 2687 655 2765 seu
682 2711 803 2765 noxae
829 2689 888 2766 seu
907 2690 1075 2767 beneficii
1093 2690 1139 2766 ad
1158 2713 1216 2765 ve·

151 2801 458 2902 ramsapientiam
484 2806 527 2881 'ac
544 2802 747 2880 dotlrinam
773 2802 837 2878 ille
852 2806 953 2892 mos,
984 2815 1024 2881 vt
1036 2804 1215 2905 stipendio

151 2938 194 2996 uc
209 2916 380 3014 mercede
398 2917 570 2994 condutli
593 2916 769 3005 doceant,
798 2916 986 3006 habuerit,
1016 2941 1121 2995 nunc
1137 2920 1217 3018 qui·

149 3028 236 3113 dem
262 3031 459 3111 commode
478 3032 647 3132 pluribus
671 3029 846 3130 disputari
865 3033 926 3107 rix
950 3033 1082 3130 potest.
1142 3031 1219 3109 Sal·

147 3147 280 3235 ternio
297 3146 340 3220 iis
357 3144 486 3222 litteris
504 3169 546 3223 ac
568 3144 785 3245 disciplinis,
817 3146 951 3244 quibus
969 3145 1133 3223 imbutos
1150 3143 1218 3222 elle
1269 3187 1270 3195 κ

115 3335 117 3340 .
150 3255 204 3368 fas
227 3257 278 3338 est
295 3272 378 3346 eos,
414 3262 479 3359 qui
504 3274 568 3336 aut
582 3259 732 3361 publica
757 3271 820 3334 aut
838 3261 979 3358 priuata
1001 3263 1153 3358 negotia
1176 3284 1217 3343 ac

148 3393 302 3464 munera
319 3372 467 3450 tratiare
481 3372 689 3474 suscipiunt,
715 3370 907 3453 utilitatem
922 3372 996 3455 hoc
1010 3373 1219 3455 institutum

147 3480 283 3565 habere
306 3485 502 3562 maximam
524 3489 564 3563 in
590 3482 752 3566 confesso
775 3486 834 3563 est.

258 3676 320 3766 De
339 3681 421 3783 lege
446 3688 480 3761 in
505 3681 752 3764 calumniatores
771 3684 901 3787 scripta
934 3688 1008 3765 alio
1042 3701 1217 3788 tempore

145 3792 220 3881 iem
235 3795 398 3876 vidimus
409 3800 470 3892 r),
497 3812 535 3875 et
555 3801 686 3902 paucis'
700 3813 785 3877 ante
801 3801 960 3881 verlibus
977 3806 1008 3895 i)
1034 3802 1161 3903 legem
1179 3806 1218 3881 de

1099 3943 1217 4018 praua

186 4094 224 4177 b)
244 4096 643 4178 suu·r.ar.or0r.xrr.12.
683 4100 738 4170 Est
756 4101 833 4167 inec
845 4105 897 4168 lex
909 4103 985 4195 falfi
997 4104 1153 4194 testimonii
1165 4109 1215 4172 tu·

257 4181 348 4256 dicia,
358 4184 407 4246 seu
430 4185 515 4254 diuae
527 4183 799 4268 ψευδομαρτυριῶν,
815 4195 861 4249 vel
877 4189 1076 4278 ἐπισκήψεως.
1100 4194 1214 4256 consti·

254 4274 358 4339 tueor,
374 4285 466 4344 quam
483 4267 709 4334 Aristoteleell.
726 4269 816 4333 Polit.
829 4287 878 4337 10.
900 4275 1020 4336 vnicern
1035 4273 1138 4356 legem
1153 4297 1214 4338 no·

120 4386 122 4395 ‚
253 4367 323 4410 vum
338 4350 523 4425 aClnronda
536 4353 694 4415 inuentam
710 4360 901 4435 pronuntiat.
939 4355 1020 4422 Vide
1032 4358 1071 4417 de
1083 4378 1123 4419 eo
1139 4361 1210 4421 loco

254 4429 388 4516 Bentlej.
417 4431 493 4500 oili.
515 4436 556 4511 dc
577 4435 693 4503 Phaler.
712 4436 793 4523 Epp·
825 4441 935 4519 91369.
967 4451 1000 4503 et
1026 4438 1207 4523 Weileliug.

314 4534 317 4537 “
523 4557 526 4565 1
760 4556 764 4562 ·
1172 4528 1208 4588 ad
