710 1313
307 198 449 207 -——-

102 209 151 230 „²90
302 209 448 218 --—-*·

110 245 139 265 tui
150 243 212 269 poffit,
227 248 248 263 vt
258 243 344 263 hostilem
357 244 448 271 impetum
459 245 521 263 minus
534 245 650 266 extimescat;

103 273 172 298 ¹Quod
186 273 266 292 maxime
277 272 393 298 propositum
400 272 435 292 fuit
444 271 561 292 cretensibus
571 276 590 292 et
597 273 650 298 Spar-

112 302 169 321 tanis:
184 302 270 326 eumque
281 301 363 320 virorum
377 301 452 320 fortium
466 305 485 320 et
495 302 549 320 armis
561 303 650 321 exercita—

112 334 176 349 torum
186 330 265 355 exiguus
273 335 360 349 numerus
369 335 401 354 par
412 329 434 349 fit
446 335 523 355 maguae
531 329 650 350 multitudini

112 359 211 378 hominum
222 358 335 380 imbellium,
350 358 494 377 consentaneum
503 362 550 381 erat,
565 362 587 378 vt
595 359 649 378 armis

113 391 132 406 et
144 387 238 406 laboribus
253 386 351 411 tolerandis
365 392 374 405 a
389 387 451 411 pueris
464 386 578 406 affuefierent
591 388 647 406 ciues.

105 414 214 437 ,Ducebant
221 415 266 434 haec
274 415 297 434 ad
306 414 358 434 illam
368 415 476 440 prudentiae
485 415 571 440 politiae
581 421 648 438 arcem,

112 448 133 463 vt
145 450 220 463 omnem
229 444 299 463 ciuium
308 443 441 463 iustitutionem
453 449 462 462 a
473 444 539 468 puerili
550 447 609 463 aetate
622 450 649 463 re-

112 476 206 498 peterent,
220 478 297 497 eamque
311 478 349 491 non
362 472 381 491 in
397 471 448 491 dietis
460 478 481 491 ac
492 473 605 497 praeceptis,
620 472 648 492 sed

112 502 132 520 in
146 501 195 520 fadis
204 501 332 525 exemplisque
344 499 421 526 positam
434 500 469 519 effe
480 500 615 526 intelligerent:
630 501 648 520 id

112 529 165 554 quod
180 529 211 548 etsi
224 529 352 554 prudentiores
366 528 420 548 nullo
433 532 518 554 tempore
530 529 595 551 latuit,
615 535 649 549 no-

112 557 186 576 viffimis
199 561 260 577 tamen
277 557 392 582 temporibus
406 557 482 576 demum
498 558 546 577 inter
559 558 647 577 nostrates

112 585 235 611 sagacioribus
246 586 348 611 persuasum
357 585 391 605 ess‘e
404 586 475 611 coepit;
487 589 527 605 tum
538 589 558 605 vt
568 592 609 605 non
617 592 647 612 pa-

112 615 196 634 rentibus
211 612 233 634 ac
250 615 333 639 cognatis
349 614 430 634 liberum
444 614 590 640 relinqueretur,
608 621 647 640 quo

111 643 230 662 institutionis
239 643 318 668 quisque
326 648 395 668 genere
402 643 428 662 vti
438 642 500 665 vellet,
515 648 580 662 verum
591 647 612 663 vt
622 644 650 663 in-

112 671 211 694 stitutionis
218 675 237 690 et
244 671 350 696 disciplinae
357 672 464 696 procuratio
471 671 565 697 perspicue
575 671 648 697 legibus

112 699 250 725 consignaretur
261 699 287 723 (v.
293 699 364 719 Aristot-
370 699 468 719 deMorib.
474 699 500 719 X.
510 706 527 725 p,
534 699 648 726 187.D.sqi)

111 726 199 748 Nullum*
211 727 264 747 facile
280 728 304 747 est
323 728 400 753 reipubl.
417 728 485 748 liberae
502 734 573 753 genus,
595 729 649 754 quod

111 763 152 776 non
167 757 237 782 experti
250 757 285 776 smt
296 756 371 780 Graeci;
388 756 449 776 multo
464 757 522 782 magis
535 756 547 776 fl
561 757 585 777 de
597 763 649 777 com-

112 785 176 812 pofitis
189 789 208 805 et
219 789 257 804 arte
270 785 369 810 multiplici
385 786 455 804 variatis
467 786 567 810 generibus
575 787 648 811 quaeri-

112 817 148 833 tur.
179 813 253 837 Quanta
261 819 304 833 cum
311 813 406 838 sagacitate
413 816 431 833 et
440 813 538 833 subtilitate
547 817 649 839 temperata

111 842 147 861 fuit
158 842 296 862 Athenienfium
305 841 426 861 democratia!
439 841 482 866 Qua
490 842 564 862 tandem
575 843 649 863 intelle-

112 870 160 890 Qum
174 871 208 893 est,
222 870 259 890 hoc
268 876 327 895 genus
337 871 434 890 ciuitatum
442 871 521 890 omnino
528 870 561 890 uili
572 871 593 890 in
601 871 649 891 sum-

110 905 142 918 ma
159 898 282 924 simplicitate,
308 902 414 924 paupertate
428 902 447 918 et
461 900 532 918 ciuium
548 900 647 925 paucitate,

111 927 147 947 suis
159 928 214 947 rebus
221 926 309 952 superesse
320 933 360 946 non
370 926 425 952 poss'e.
455 927 506 947 Inter
516 928 562 947 haec
573 934 597 948 eo
609 932 648 948 un-

112 956 155 975 dem
164 959 275 981 peruentum
284 956 315 978 est,
329 956 386 981 idque
393 956 448 981 primi
459 955 525 975 Graeci
532 956 647 982 perspexere,

111 990 158 1004 mox
165 984 245 1004 Romani
253 985 322 1004 maiore
329 990 372 1004 cura
380 988 400 1004 et
408 984 532 1004 sollicitudine
538 985 647 1009 definiuere,

112 1013 249 1038 temperandam
258 1014 336 1033 omnino
344 1012 379 1032 effe
388 1019 446 1038 remp.
461 1019 593 1039 quamcunque
603 1020 647 1034 eum

112 1043 132 1061 in
143 1041 230 1063 modum,
243 1045 264 1061 vt
274 1041 351 1067 potestas
360 1042 465 1067 exequendi
474 1042 546 1061 decreta
558 1043 579 1061 iu
592 1044 648 1063 vnius

111 1075 143 1090 aut
155 1076 258 1096 paucorum
271 1070 292 1089 fit
303 1076 370 1093 manu,
398 1070 462 1095 legum
479 1070 598 1091 ferendarum
612 1072 648 1092 toti

111 1099 184 1124 populo
191 1099 277 1121 seruetur,
282 1098 396 1118 deliberandi
405 1102 466 1118 autem
470 1098 545 1119 Senatui
552 1099 648 1126 relinqua.

110 1131 151 1151 tur3
166 1131 198 1147 aut
207 1127 220 1147 ss
229 1133 307 1153 regnum
318 1127 437 1147 constitutum
447 1127 516 1150 fuerat,
534 1131 554 1147 vt
564 1127 586 1147 fit
599 1130 648 1149 inter

583 1163 648 1183 regem
