2550 5108
464 208 737 223 *Ἀθη-ου

1070 201 1147 275 357

63 350 106 425 in
130 347 332 448 prouinciis
352 359 475 424 autem
491 344 699 446 quaestores
716 345 977 445 prouinciales,
1000 345 1143 423 Handos

62 487 108 539 ac
125 461 388 562 procudendos
414 476 610 549 curarunt,
642 474 679 535 et
701 463 739 535 in
761 462 895 560 quibus
914 464 1048 561 partim
1069 461 1141 538 sol-

60 577 189 654 lennia
210 577 391 676 quaedam
416 575 581 675 symbola
595 576 683 674 reip.
702 573 911 670 Romanae,
943 574 1002 651 vel
1024 579 1140 674 magi·

58 692 193 785 stratus·
211 691 265 767 sui
284 704 431 781 notam,
462 693 595 790 partim
615 712 672 764 res
696 690 795 766 iilius
818 692 905 765 anni
919 693 1140 767 memorabi-

60 804 140 894 leS,
172 807 433 882 autmaiorum
456 804 606 881 suorum
631 807 805 893 nomina,
837 818 982 893 ortum,
1016 803 1138 882 hono-

61 942 143 1007 res,
177 942 235 995 res
255 921 300 994 ab
321 923 365 996 iis
382 920 496 1019 gestas
521 918 579 994 vel
601 936 762 1006 curatas,
794 921 992 996 memoriae
1014 919 1137 996 homi·

60 1058 156 1109 nrnn
173 1031 383 1110 coniectare
406 1033 687 1110 consueuerunt.
748 1032 967 1125 Quaestores
984 1037 1141 1134 prouin-.

1 1213 2 1217 a
63 1148 196 1238 ciales,
224 1149 397 1232 etiamii,
426 1150 555 1247 quiin
583 1146 688 1224 bellis
710 1147 883 1224 ciuilibus
909 1148 1008 1247 apud
1030 1172 1135 1225 exer·

63 1265 159 1339 citus
187 1276 306 1351 erant,
338 1275 378 1338 vt
395 1262 581 1361 stipendiis
604 1260 788 1337 soluendis
806 1263 1000 1361 pecuniam
1019 1260 1135 1360 figna-

1 1429 2 1433 η
63 1389 166 1464 rent,
200 1390 342 1477 praeter
356 1376 540 1474 superiora
555 1374 630 1464 iila,
662 1377 771 1462 etiam
785 1373 941 1453 Proeoff.
960 1372 1135 1475 acLega-

0 1547 2 1549 ψ
64 1505 191 1568 torum
210 1507 273 1567 aut
286 1488 557 1589 Imperatorum
574 1489 724 1565 suorum
743 1490 919 1575 vit'torian
945 1514 1002 1567 res
1019 1493 1134 1589 gestas

65 1629 108 1682 ac
130 1605 262 1682 decora
286 1606 325 1681 in
356 1607 479 1681 nunnis
506 1603 703 1702 fignarunt.
779 1599 857 1680 Effe
875 1626 938 1679 eos
964 1603 1133 1680 denarios

1 1813 3 1816 v
64 1743 111 1795 ex
127 1733 282 1818 argento
307 1743 460 1796 monere
477 1721 539 1794 vix
555 1715 694 1794 neceiie
715 1717 784 1806 est,
812 1720 937 1817 paucis
963 1718 1134 1794 admixtis

65 1835 254 1933 quinariiS,
274 1836 339 1933 qui
356 1832 444 1909 loco
461 1832 526 1923 sno
542 1857 562 1908 a
583 1833 692 1908 nobis
707 1833 946 1909 notabuntur.
1006 1826 1134 1909 Certa's

63 1971 268 2037 annorum,
300 1950 436 2046 quibus
455 1946 584 2044 signati
600 1946 747 2022 dicendi
764 1944 843 2034 sint,
874 1959 979 2023 notas
996 1949 1058 2022 vix
1075 1947 1136 2024 edi
1244 1960 1254 1979 ‘

62 2059 162 2162 polie
178 2079 361 2161 putamus,
378 2085 425 2138 ne
442 2063 481 2136 in
492 2062 535 2138 iis
545 2061 695 2161 quidem
710 2064 944 2159 nunris,quos
960 2059 1005 2136 ad
1014 2076 1134 2137 certos

62 2176 290 2274 magistratus
307 2175 556 2276 auttriumphi
574 2199 690 2251 annos
708 2175 840 2251 referre
852 2174 956 2268 licet3
987 2173 1135 2274 possunt

63 2292 164 2365 enim
181 2289 294 2366 iidem
311 2315 331 2366 a
350 2304 486 2389 nepote
504 2304 567 2367 aut
586 2289 677 2374 alio,
712 2291 777 2390 qui
796 2291 841 2365 ab
867 2313 912 2365 eo
933 2314 1050 2389 genus
1066 2290 1134 2365 du-

63 2407 189 2493 cebat,
223 2403 348 2502 [ignati
378 2403 455 2481 effe.
517 2402 790 2481 Reuocauimus
815 2428 899 2490 eos,
925 2406 990 2504 qui
1010 2407 1048 2478 in
1064 2403 1138 2512 hacu

59 2542 163 2619 penu
188 2519 541 2609 nostraseruantur,
576 2518 622 2594 ad
638 2519 716 2595 luas
735 2532 884 2617 gentes,
923 2532 978 2606 et,
1017 2538 1133 2617 qnan-

59 2650 141 2710 turn
165 2657 234 2733 pro
258 2635 383 2710 nostro
406 2637 456 2709 rei
475 2632 747 2715 numismaticae
770 2631 889 2708 studio
909 2646 946 2707 et
967 2656 1037 2731 pro
1066 2630 1135 2708 otii

59 2749 175 2826 nostri
200 2748 318 2824 modo
341 2749 458 2824 facere
481 2748 606 2837 licuit,
636 2750 674 2822 in
690 2746 786 2823 'suos
813 2744 958 2823 loculos
991 2746 1133 2845 digessi-

60 2887 155 2938 mus.
229 2858 326 2938 Cum
355 2877 476 2938 tamen
501 2861 632 2938 ssmiles
655 2862 888 2937 denariorum
916 2860 1049 2936 honam
1077 2885 1133 2936 re-

61 2976 191 3052 census
214 2977 285 3053 ianr
310 2976 389 3052 fani
406 2975 474 3051 lint
501 2978 546 3051 ab
570 2978 672 3064 aliis,
717 3000 763 3050 ne
783 2974 901 3051 atium
926 2999 1130 3073 ageremus,

62 3092 250 3166 incorum
269 3093 570 3190 interpretatione
586 3090 724 3190 copiofi
740 3086 807 3165 eiie
827 3087 1025 3166 noluimus.
1080 3087 1134 3165 Vt

62 3225 153 3280 vero
175 3205 219 3293 ii,
264 3209 329 3305 qui
348 3207 556 3283 vberiorem
576 3205 862 3305 explicationem
880 3200 1024 3294 linunt,
1070 3205 1133 3281 ha-

569 3318 604 3397 Z
640 3343 655 3414 3
1024 3321 1134 3396 beant

176 3505 230 3571 snb
244 3515 418 3571 extremum
433 3507 515 3571 vitae
534 3528 670 3582 ennnm3
691 3510 728 3570 ab
743 3509 885 3590 Augusto
905 3517 1009 3572 tumen
1032 3509 1135 3574 ment

75 3648 77 3652 .
177 3589 321 3653 restituti.
374 3590 456 3654 idem
479 3592 586 3656 Caesar
605 3595 640 3652 nd
670 3593 785 3656 beilum
812 3591 1010 3674 Hispaniense
1030 3594 1105 3670 prof
1120 3631 1136 3645 ·

76 3716 80 3726 .
177 3674 286 3738 nurus
310 3675 476 3741 Praeteriis
497 3677 580 3738 vrbis
601 3676 717 3738 Romae
738 3678 791 3739 sub
816 3677 935 3759 Lepido
957 3676 1135 3740 constitutis

178 3759 229 3818 ins
252 3756 416 3839 fignandae
442 3774 586 3821 monetae
611 3761 746 3824 dederat.
817 3760 978 3841 Augustus
1004 3761 1134 3824 iiiviros

178 3839 330 3916 Caesarie,
360 3855 393 3904 et
414 3842 492 3905 alios
514 3842 641 3915 iiiviros
657 3843 791 3909 Senatus
814 3843 992 3920 constituit,
1026 3843 1136 3908 reiisto

177 3923 308 3989 Senatui
329 3924 398 3990 iure
419 3928 498 3990 aeris
519 3924 677 4011 fignandi,
700 3948 776 3991 euro
796 3941 828 3992 et
849 3940 979 4011 argento
1002 3925 1053 3993 fibi
1077 3927 1136 3991 ser·

180 4017 265 4073 vato.
675 4019 678 4025 “
