2520 4950
125 134 180 208 ‘0-
520 105 803 168 Μ

122 278 229 376 dam:
258 297 326 398 qui
352 290 562 397 Locrenfibrrr
588 290 735 368 edixere
759 288 936 368 libertatern
953 287 1095 386 legesque
1106 288 1177 392 seur
1208 334 1237 381 »ς

116 410 282 516 populum
308 410 496 487 Romanum
519 408 729 509 ¹[euersumque
753 410 912 508 ressituere
938 401 1040 502 (Liv.
1059 404 1122 479 ic.
1149 426 1180 481 c,

125 551 163 625 9.
202 508 367 622 16-21).
427 520 584 600 Reddita
601 543 753 621 quoque
770 519 941 597 thesauris
957 516 1185 616 Proserpinae

124 640 302 742 pecunia3
331 640 464 736 quinto
489 634 721 719 tamenhinc
745 658 844 711 anno
873 656 976 710 nouo
1000 632 1182 730 sacrilegio

124 754 282 855 pecunia
310 752 417 828 nocie
442 750 537 827 clam
553 749 692 826 sublata
727 743 997 843 (Liv.XXXl,
1022 772 1080 822 12.
1109 750 1182 839 ¹3)-

125 867 182 947 Ab
205 866 280 942 hoc
301 866 388 942 inde
416 876 583 964 'tempore
610 867 706 938 inter
728 865 916 964 'foederatus
935 865 1057 962 popuii
1079 861 1121 935 ll.
1144 862 1185 934 ei·

122 985 239 1062 reilater
260 980 373 1065 suere,
404 992 443 1054 vt
471 979 541 1054 suis
569 976 715 1075 legibus
742 990 948 1064 uterentur,
977 998 1025 1051 ex
1042 973 1186 1052 foedere

122 1108 247 1173 tamen
273 1093 423 1194 publice
451 1091 497 1168 ad
514 1114 575 1180 ea,
604 1091 803 1191 dequibus
829 1106 1066 1179 conuenerat,
1088 1111 1188 1188 prae-

124 1208 248 1287 standa
277 1221 514 1285 tenerentur:
574 1219 650 1280 crat
678 1209 716 1281 in
744 1205 801 1281 his
831 1219 871 1281 vt
900 1208 1024 1306 copias
1053 1204 1188 1280 mariti·

123 1348 203 1403 mas
226 1324 423 1410 mitterent,
453 1322 602 1420 quoties
613 1317 792 1397 Romanis
821 1342 915 1418 opus
940 1317 1035 1396 eilet
1096 1316 1188 1394 Nar-

124 1451 180 1515 rat
208 1434 384 1536 Polybius
414 1428 512 1535 (Eri.
534 1430 631 1522 XII,
661 1430 723 1533 3),
762 1437 826 1534 qui
856 1448 937 1511 tum
965 1432 1108 1510 Romae
1132 1435 1187 1506 in·

122 1567 180 1628 ter
208 1567 383 1628 euocatos
410 1546 640 1626 Achaeorum
671 1561 746 1624 erat
774 1562 811 1625 et
838 1549 952 1646 gratia
983 1545 1188 1623 multorum

121 1663 294 1745 florebat.
318 1663 378 1739 sua
407 1687 519 1762 opera
548 1661 679 1740 saiium
709 1659 797 1752 esse,
855 1676 894 1737 vt
921 1659 1081 1738 Romani
1115 1656 1188 1737 Lo·

122 1777 328 1865 crensrbus,
373 1791 525 1876 propter
563 1778 699 1852 attritas
730 1776 825 1852 sorte
858 1799 985 1852 eorum
1016 1799 1094 1863 res,
1135 1799 1188 1850 re·

123 1894 329 1978 mitterent,
361 1915 407 1965 ne
436 1915 522 1966 cum
549 1893 587 1966 in
618 1890 757 1967 bellum
790 1887 1024 1990 Hispaniense
1053 1888 1189 1964 auxilia

121 2006 238 2100 (sorte
267 2004 435 2083 aduersus
466 2005 697 2101 Celtiberos)
726 2018 805 2079 tum
836 2003 1006 2080 aduersus
1035 2000 1190 2080 Dalma-

123 2134 179 2196 tas
209 2116 321 2220 (tte
336 2125 435 2213 596.
463 2134 546 2196 ante
567 2114 607 2194 C.
621 2116 667 2195 N.
693 2117 797 2211 156)
833 2121 958 2218 copias
988 2119 1188 2193 maritimas

123 2239 268 2312 mittere
297 2247 519 2311 tenerentur.
578 2229 703 2334 Postea
732 2233 824 2309 nihil
847 2231 950 2330 quod
976 2231 1023 2308 de
1050 2235 1095 2307 iis
1113 2254 1189 2307 rne-

123 2348 306 2428 tnorabile
335 2362 503 2425 occurrat
531 2349 787 2423 meminimus:
831 2343 896 2421 nlsr
923 2346 1026 2445 quod
1055 2345 1189 2422 Strabo

122 2463 173 2538 ita
203 2475 401 2550 memorat,
446 2476 484 2539 vt
510 2463 636 2537 vrbem
657 2459 776 2536 adhue
802 2461 911 2537 rebus
939 2485 1014 2537 non
1043 2459 1191 2560 prorsus

123 2576 328 2677 profligatis
368 2573 472 2652 fuisse
507 2574 718 2673 intelligas)
793 2571 885 2651 Inde
914 2598 1056 2653 nomen
1090 2576 1189 2651 vrbis

123 2695 287 2767 occurrit
314 2690 413 2789 apud
442 2686 602 2766 Plinium
633 2703 671 2766 et
692 2689 788 2766 sorte
815 2687 918 2766 alios.

237 2903 340 2991 Inter
365 2906 455 2984 haec
477 2920 624 3007 tempus
656 2903 724 2982 else
748 2907 893 2996 debuit,
949 2880 1028 3008 ouo
1060 2919 1097 2984 et
1125 2905 1191 3008 ipsi

125 3012 238 3096 Locri
260 3018 446 3095 luxuriem
473 3036 510 3096 et
531 3020 799 3120 impudicitiam
822 3026 861 3097 in
877 3023 1005 3098 vrbem
1022 3023 1191 3099 admitte·

124 3147 228 3221 rent,
265 3131 459 3233 sequidem
484 3134 615 3211 eodem
643 3137 780 3225 modo,
826 3153 866 3211 vt
887 3136 986 3236 apud
1005 3133 1131 3238 Lydos
1156 3147 1193 3211 et

126 3241 307 3346 Cyprios,
339 3249 482 3346 puellae
497 3250 595 3347 apud
613 3249 699 3325 illos
729 3249 878 3349 publice
900 3248 1089 3350 prostitisse
1112 3274 1195 3325 nar-

126 3376 259 3436 rantur
279 3361 377 3460 apud
396 3360 623 3439 Athenaeum
644 3361 829 3464 (lib.XlI.
861 3388 896 3464 p.
916 3372 1034 3458 516),
1065 3367 1131 3465 qui
1155 3363 1194 3440 id

127 3475 299 3575 antiquae
325 3474 479 3552 alicuius
503 3478 655 3554 iniuriae
686 3493 971 3556 monumentum
995 3476 1064 3556 elie
1089 3494 1196 3578 puta-

127 3587 201 3663 bat
260 3584 386 3664 Potuit
409 3590 483 3666 hoc
515 3592 608 3666 adeo
631 3592 741 3668 serius
769 3590 837 3668 elle
863 3587 1035 3693 Dionysii
1062 3613 1196 3669 contu·

126 3700 256 3782 melia.
288 3723 400 3801 quarn
428 3704 611 3798 diximus3
653 3708 772 3806 potest
798 3721 919 3782 tamen
943 3729 1096 3808 quoque
1114 3729 1198 3783 nar-

127 3817 221 3891 ratio
247 3836 294 3901 err
317 3815 385 3892 hac
400 3814 607 3896 Locrorum
624 3819 827 3898 calamitate
850 3818 918 3899 else
938 3820 1061 3898 ellitla.
1122 3817 1198 3897 Lo-

219 3968 221 3971 *
1058 3959 1199 4013 cneum
