2542 5146
1210 470 1230 564 l

119 675 204 749 444
509 636 790 690 “··-“··“·““···-“Ξ
1212 662 1218 808 t

119 816 185 891 sibi
201 813 400 916 optabilius
424 815 639 910 contingere
662 813 825 891 arbitrari
848 814 986 914 pollet,
1016 841 1131 919 quam
1153 836 1214 900 at
1226 868 1229 926 l

119 929 261 1030 placida
276 942 395 1007 morte
413 925 685 1024 defungeretur,
704 931 817 1004 cuius
838 929 1021 1016 beneficio
1043 951 1183 1015 aeterna
1228 966 1230 1012 l

119 1058 157 1119 et
182 1066 265 1121 vera
289 1045 413 1141 quiete
438 1042 556 1171 ‘potiri
591 1038 742 1117 liceret?
799 1036 970 1143 Contigit
995 1061 1125 1126 tamen
1153 1064 1182 1127 et

118 1155 186 1248 sac,
224 1169 265 1234 vt
279 1155 380 1234 idem
395 1157 446 1230 rei
464 1152 645 1252 gerendae
663 1168 700 1229 et
718 1154 868 1233 uiuendi
884 1155 973 1238 effet
995 1167 1230 1242 terminus

228 1392 395 1477 Discellt
416 1397 538 1496 itaque
555 1399 613 1496 pia
634 1395 764 1476 Anima
787 1401 826 1474 in
849 1397 971 1501 beatas
994 1401 1122 1494 sedes,
1147 1418 1177 1483 et

117 1514 213 1590 inter
244 1510 392 1590 ordines
424 1524 568 1608 recepta
612 1513 661 1587 est
698 1510 919 1591 Animarum?
950 1540 1174 1615 magnarum,

118 1650 212 1726 quae
236 1624 282 1700 de
305 1648 440 1724 genere
465 1621 628 1700 humano
652 1625 746 1701 hene
769 1628 945 1705 merendo
969 1631 1176 1730 exquisitius

118 1741 270 1840 aliquod
296 1738 477 1815 felicitatis
500 1758 619 1836 genus
643 1737 707 1814 fibi
729 1754 956 1838 parauerunt
1024 1741 1176 1843 Ingressa
1225 1752 1230 1762 ”

117 1850 337 1940 conlellum,
386 1872 532 1938 eorum,
575 1874 670 1951 quos
703 1851 772 1930 hac
796 1855 835 1929 in
867 1856 939 1931 vita
974 1859 1075 1933 curis
1112 1859 1175 1936 suis

116 1967 263 2044 fouerat
291 1979 329 2043 et
351 1980 390 2040 vt
413 1964 473 2040 sua
504 1963 576 2040 sata
603 1964 756 2065 implere
781 1965 922 2066 pollent
955 1971 1175 2068 prouiderat,

117 2081 257 2180 quique
284 2078 319 2156 se
344 2081 415 2155 iaus
444 2090 563 2154 morte
601 2091 887 2167 anteuerterant,
926 2081 1032 2158 laetis
1063 2085 1174 2162 accla-

116 2193 342 2271 mationibus
383 2204 535 2291 excepta
572 2194 631 2291 pia
663 2189 793 2269 Anima
831 2192 941 2286 (nam
974 2219 1047 2274 nec
1086 2200 1175 2274 inter

115 2307 339 2383 immortales
368 2320 469 2401 grata
496 2302 619 2382 deficit
643 2309 819 2382 memoria
846 2322 883 2384 et
909 2308 1052 2407 pietas)
1094 2313 1177 2388 adiit

41 2478 43 2481 -
117 2415 397 2498 GEORGlVlll
422 2418 523 2494 suum
539 2405 844 2510 SECVNDVM,
870 2425 1031 2498 narrauit
1053 2429 1175 2524 magni

116 2536 262 2664 nepotis
287 2535 457 2620 virtutes,
484 2532 702 2630 religionem
724 2556 766 2610 ac
784 2536 976 2632 pietatem,
1016 2542 1118 2637 pacis
1143 2554 1179 2616 et

116 2649 215 2748 pacis
238 2649 370 2723 artium
393 2667 575 2739 anaorena3
602 2646 769 2745 exposuit
795 2644 838 2727 Ei
872 2647 1056 2748 Georgiae
1096 2653 1176 2729 suae

116 2761 297 2860 Augustae
321 2761 488 2837 {ortunae
517 2774 552 2834 et
575 2759 808 2837 incrementa.
880 2759 1010 2839 Gauila
1037 2766 1089 2841 est
1122 2766 1176 2843 his

116 2875 248 2976 auditis
269 2871 473 2950 santiiffima
496 2870 656 2963 Vmbro,
689 2887 726 2950 et
751 2878 846 2950 inter
872 2899 1027 2975 magnos
1055 2877 1176 2980 Reges

115 3003 154 3065 et
191 2984 352 3076 Heroes,
400 2985 552 3064 humani
592 2990 737 3086 generis
780 2988 944 3078 delicias,
989 2994 1110 3068 maior
1143 2993 1176 3070 se

114 3102 188 3204 ipsa
216 3114 254 3177 et
282 3099 456 3179 excelsior
478 3099 586 3189 sacta,
611 3101 805 3199 priscarum
832 3102 974 3178 suarum
1003 3128 1174 3184 curarum

114 3229 152 3294 et
177 3213 411 3293 consiliorum
433 3236 554 3299 nouos
582 3213 718 3292 fruetus
746 3216 840 3292 ferre
867 3217 936 3292 vila
966 3219 1024 3294 est.

225 3435 307 3514 Nos
333 3448 476 3522 autem,
528 3429 708 3522 oPatres,
746 3429 921 3523 oCiues,
966 3448 1105 3535 quanta
1131 3435 1176 3515 ad

112 3553 275 3638 virtutis,
309 3548 354 3625 ad
379 3543 492 3623 officii
514 3546 792 3634 conscientiam,
832 3547 877 3622 ad
909 3547 1058 3626 consilia
1082 3551 1176 3628 rena

113 3662 334 3749 etsalutaria,
364 3655 541 3736 habemus
568 3659 818 3766 incitamenta-4!
844 3660 970 3760 quales
998 3663 1177 3741 latiorum

112 3780 318 3854 nostrorum
348 3773 524 3850 habemus
553 3771 737 3849 exatlores
767 3789 804 3849 et
830 3776 1065 3873 probatores!
1113 3777 1177 3854 Se-

112 3881 203 3967 dent
225 3892 263 3965 in
294 3902 434 3967 aeterna
466 3885 577 3984 Regis
606 3887 688 3962 aula
719 3888 921 3964 nostrarum
963 3913 1081 3987 rerum
1115 3889 1173 3963 in-

111 4005 289 4104 fpeilores
321 4000 480 4100 Augusta
518 3998 672 4098 Georgii
704 4017 740 4076 et
765 4000 890 4079 Santla
918 4000 1174 4080 Mvueauvsu

111 4117 283 4211 Aniniae5
324 4115 518 4191 obl'eruant
546 4112 694 4190 conlilia
728 4115 867 4209 nostra3
886 4115 1094 4215 (laetantur
1134 4141 1178 4195 ac

111 4232 295 4307 tristantur
325 4221 424 4303 fallis
461 4227 600 4302 nostris.
675 4224 731 4304 Ad
763 4229 828 4305 has
864 4230 1008 4325 animos
1044 4231 1178 4307 habete

111 4344 327 4434 conuersos.
376 4357 415 4419 vt
445 4338 539 4427 nihil
574 4338 797 4433 moliamini,
838 4341 931 4422 nihil
966 4343 1178 4445 [uscipiatis.

1077 4458 1173 4535 nihil
