<?xml version="1.0" encoding="UTF-8"?>
<!DOCTYPE html PUBLIC "-//W3C//DTD XHTML 1.0 Transitional//EN"
    "http://www.w3.org/TR/xhtml1/DTD/xhtml1-transitional.dtd">
<html xmlns="http://www.w3.org/1999/xhtml" xml:lang="en" lang="en">
 <head>
  <title>
</title>
<meta http-equiv="Content-Type" content="text/html;charset=utf-8" />
  <meta name='ocr-system' content='tesseract 3.04.00' />
  <meta name='ocr-capabilities' content='ocr_page ocr_carea ocr_par ocr_line ocrx_word'/>
</head>
<body>
  <div class='ocr_page' id='page_1' title='image "./chrgheyniiprofe01heyngoog_0226.png"; bbox 0 0 710 1313; ppageno 0'>
   <div class='ocr_carea' id='block_1_1' title="bbox 62 220 602 1203">
    <p class='ocr_par' dir='ltr' id='par_1_1' title="bbox 62 220 602 1169">
     <span class='ocr_line' id='line_1_1' title="bbox 257 220 600 248; baseline -0.003 -14"><span class='ocrx_word' id='word_1_1' title='bbox 257 220 404 245; x_wconf 39' lang='grc' dir='ltr'>,ξ</span> <span class='ocrx_word' id='word_1_2' title='bbox 562 230 584 243; x_wconf 63' lang='lat'>2¹</span> <span class='ocrx_word' id='word_1_3' title='bbox 592 229 600 248; x_wconf 79' lang='lat'>5</span> 
     </span>
     <span class='ocr_line' id='line_1_2' title="bbox 64 264 602 291; baseline 0 -7"><span class='ocrx_word' id='word_1_4' title='bbox 64 268 85 284; x_wconf 86' lang='lat' dir='ltr'>vt</span> <span class='ocrx_word' id='word_1_5' title='bbox 93 264 116 284; x_wconf 86' lang='lat' dir='ltr'>ad</span> <span class='ocrx_word' id='word_1_6' title='bbox 128 265 238 291; x_wconf 73' lang='lat' dir='ltr'><strong>religionem</strong></span> <span class='ocrx_word' id='word_1_7' title='bbox 254 265 348 291; x_wconf 78' lang='lat' dir='ltr'>publicam</span> <span class='ocrx_word' id='word_1_8' title='bbox 366 266 493 290; x_wconf 83' lang='lat' dir='ltr'>priuatamque</span> <span class='ocrx_word' id='word_1_9' title='bbox 508 265 602 290; x_wconf 75' lang='lat' dir='ltr'>pertinere</span> 
     </span>
     <span class='ocr_line' id='line_1_3' title="bbox 65 293 600 319; baseline -0.002 -6"><span class='ocrx_word' id='word_1_10' title='bbox 65 300 123 313; x_wconf 81' lang='lat' dir='ltr'>nemo</span> <span class='ocrx_word' id='word_1_11' title='bbox 136 299 174 313; x_wconf 86' lang='lat' dir='ltr'>non</span> <span class='ocrx_word' id='word_1_12' title='bbox 189 297 252 319; x_wconf 83' lang='lat' dir='ltr'>putet,</span> <span class='ocrx_word' id='word_1_13' title='bbox 272 297 292 313; x_wconf 83' lang='lat' dir='ltr'>vt</span> <span class='ocrx_word' id='word_1_14' title='bbox 302 298 344 313; x_wconf 82' lang='lat' dir='ltr'>vota</span> <span class='ocrx_word' id='word_1_15' title='bbox 356 294 392 313; x_wconf 87' lang='lat' dir='ltr'>deo</span> <span class='ocrx_word' id='word_1_16' title='bbox 404 293 428 313; x_wconf 91' lang='lat' dir='ltr'>O.</span> <span class='ocrx_word' id='word_1_17' title='bbox 435 293 462 313; x_wconf 83' lang='lat' dir='ltr'>M.</span> <span class='ocrx_word' id='word_1_18' title='bbox 474 293 600 318; x_wconf 62' lang='lat' dir='ltr'>peri‘oluamus</span> 
     </span>
     <span class='ocr_line' id='line_1_4' title="bbox 65 322 601 347; baseline 0 -6"><span class='ocrx_word' id='word_1_19' title='bbox 65 322 203 347; x_wconf 85' lang='lat' dir='ltr'>liberemurque</span> <span class='ocrx_word' id='word_1_20' title='bbox 217 322 263 342; x_wconf 88' lang='lat' dir='ltr'>adeo</span> <span class='ocrx_word' id='word_1_21' title='bbox 277 322 377 347; x_wconf 80' lang='lat' dir='ltr'>religione,</span> <span class='ocrx_word' id='word_1_22' title='bbox 400 328 437 347; x_wconf 83' lang='lat' dir='ltr'>qua</span> <span class='ocrx_word' id='word_1_23' title='bbox 450 328 493 346; x_wconf 80' lang='lat' dir='ltr'>erga</span> <span class='ocrx_word' id='word_1_24' title='bbox 506 325 601 341; x_wconf 77' lang='lat' dir='ltr'>tantorum</span> 
     </span>
     <span class='ocr_line' id='line_1_5' title="bbox 64 350 599 375; baseline -0.002 -5"><span class='ocrx_word' id='word_1_25' title='bbox 64 351 159 370; x_wconf 79' lang='lat' dir='ltr'>bonorum</span> <span class='ocrx_word' id='word_1_26' title='bbox 175 351 268 370; x_wconf 75' lang='lat' dir='ltr'>auflorem</span> <span class='ocrx_word' id='word_1_27' title='bbox 280 350 359 370; x_wconf 70' lang='lat' dir='ltr'>obstridi</span> <span class='ocrx_word' id='word_1_28' title='bbox 370 350 431 370; x_wconf 86' lang='lat' dir='ltr'>sumus</span> <span class='ocrx_word' id='word_1_29' title='bbox 445 356 510 370; x_wconf 83' lang='lat' dir='ltr'>omnes</span> <span class='ocrx_word' id='word_1_30' title='bbox 524 350 599 375; x_wconf 83' lang='lat' dir='ltr'>publice</span> 
     </span>
     <span class='ocr_line' id='line_1_6' title="bbox 65 378 598 404; baseline 0 -6"><span class='ocrx_word' id='word_1_31' title='bbox 65 385 87 398; x_wconf 86' lang='lat' dir='ltr'>ac</span> <span class='ocrx_word' id='word_1_32' title='bbox 98 379 185 404; x_wconf 83' lang='lat' dir='ltr'>priuatim</span> <span class='ocrx_word' id='word_1_33' title='bbox 197 379 269 404; x_wconf 84' lang='lat' dir='ltr'>finguli.</span> <span class='ocrx_word' id='word_1_34' title='bbox 302 378 394 404; x_wconf 81' lang='lat' dir='ltr'>Interpres</span> <span class='ocrx_word' id='word_1_35' title='bbox 405 383 467 398; x_wconf 84' lang='lat' dir='ltr'>autem</span> <span class='ocrx_word' id='word_1_36' title='bbox 481 379 515 398; x_wconf 86' lang='lat' dir='ltr'>erit</span> <span class='ocrx_word' id='word_1_37' title='bbox 526 379 598 404; x_wconf 79' lang='lat' dir='ltr'>pietatis</span> 
     </span>
     <span class='ocr_line' id='line_1_7' title="bbox 64 406 598 433; baseline -0.002 -6"><span class='ocrx_word' id='word_1_38' title='bbox 64 408 136 427; x_wconf 79' lang='lat' dir='ltr'>nostrae</span> <span class='ocrx_word' id='word_1_39' title='bbox 148 407 182 426; x_wconf 88' lang='lat' dir='ltr'>Vir</span> <span class='ocrx_word' id='word_1_40' title='bbox 194 407 372 433; x_wconf 82' lang='lat' dir='ltr'>Experientissimus,</span> <span class='ocrx_word' id='word_1_41' title='bbox 394 407 441 427; x_wconf 62' lang='lat' dir='ltr'>Eius.</span> <span class='ocrx_word' id='word_1_42' title='bbox 452 407 540 427; x_wconf 71' lang='lat' dir='ltr'>Gooon.</span> <span class='ocrx_word' id='word_1_43' title='bbox 550 406 598 426; x_wconf 75' lang='lat' dir='ltr'>Bu.-</span> 
     </span>
     <span class='ocr_line' id='line_1_8' title="bbox 64 435 598 461; baseline 0 -6"><span class='ocrx_word' id='word_1_44' title='bbox 64 441 150 458; x_wconf 63' lang='lat' dir='ltr'>niuosa,</span> <span class='ocrx_word' id='word_1_45' title='bbox 172 435 291 456; x_wconf 86' lang='lat' dir='ltr'>Medicorum</span> <span class='ocrx_word' id='word_1_46' title='bbox 303 435 381 456; x_wconf 83' lang='lat' dir='ltr'>Ordinis</span> <span class='ocrx_word' id='word_1_47' title='bbox 393 436 410 455; x_wconf 87' lang='lat' dir='ltr'>h.</span> <span class='ocrx_word' id='word_1_48' title='bbox 420 440 432 455; x_wconf 84' lang='lat' dir='ltr'>t.</span> <span class='ocrx_word' id='word_1_49' title='bbox 444 435 543 458; x_wconf 81' lang='lat' dir='ltr'>Decanus,</span> <span class='ocrx_word' id='word_1_50' title='bbox 564 436 598 461; x_wconf 87' lang='lat' dir='ltr'>qui</span> 
     </span>
     <span class='ocr_line' id='line_1_9' title="bbox 63 464 598 490; baseline -0.002 -6"><span class='ocrx_word' id='word_1_51' title='bbox 63 464 179 486; x_wconf 78' lang='lat' dir='ltr'>sollennibus</span> <span class='ocrx_word' id='word_1_52' title='bbox 193 465 222 484; x_wconf 85' lang='lat' dir='ltr'>his</span> <span class='ocrx_word' id='word_1_53' title='bbox 242 465 367 484; x_wconf 84' lang='lat' dir='ltr'>anniuersariis</span> <span class='ocrx_word' id='word_1_54' title='bbox 386 465 502 490; x_wconf 84' lang='lat' dir='ltr'>splendorem</span> <span class='ocrx_word' id='word_1_55' title='bbox 521 464 598 483; x_wconf 85' lang='lat' dir='ltr'>inducet</span> 
     </span>
     <span class='ocr_line' id='line_1_10' title="bbox 63 493 598 518; baseline 0 -6"><span class='ocrx_word' id='word_1_56' title='bbox 63 499 137 512; x_wconf 88' lang='lat' dir='ltr'>nouum</span> <span class='ocrx_word' id='word_1_57' title='bbox 144 499 166 512; x_wconf 83' lang='lat' dir='ltr'>ac</span> <span class='ocrx_word' id='word_1_58' title='bbox 176 493 300 518; x_wconf 82' lang='lat' dir='ltr'>praeclarum,</span> <span class='ocrx_word' id='word_1_59' title='bbox 315 493 361 512; x_wconf 88' lang='lat' dir='ltr'>dum</span> <span class='ocrx_word' id='word_1_60' title='bbox 368 499 392 512; x_wconf 88' lang='lat' dir='ltr'>ex</span> <span class='ocrx_word' id='word_1_61' title='bbox 404 493 430 512; x_wconf 92' lang='lat' dir='ltr'>sui</span> <span class='ocrx_word' id='word_1_62' title='bbox 440 493 510 512; x_wconf 81' lang='lat' dir='ltr'>ordinis</span> <span class='ocrx_word' id='word_1_63' title='bbox 523 493 598 512; x_wconf 85' lang='lat' dir='ltr'>decreto</span> 
     </span>
     <span class='ocr_line' id='line_1_11' title="bbox 64 521 596 547; baseline 0 -6"><span class='ocrx_word' id='word_1_64' title='bbox 64 521 171 541; x_wconf 72' lang='lat' dir='ltr'>Candidatis</span> <span class='ocrx_word' id='word_1_65' title='bbox 181 526 261 547; x_wconf 81' lang='lat' dir='ltr'>quatuor</span> <span class='ocrx_word' id='word_1_66' title='bbox 269 521 381 547; x_wconf 74' lang='lat' dir='ltr'>digniffimis,</span> <span class='ocrx_word' id='word_1_67' title='bbox 397 522 424 541; x_wconf 78' lang='lat' dir='ltr'>Io.</span> <span class='ocrx_word' id='word_1_68' title='bbox 432 521 596 543; x_wconf 66' lang='lat' dir='ltr'>ChnAclurmanno.</span> 
     </span>
     <span class='ocr_line' id='line_1_12' title="bbox 63 549 596 573; baseline 0 -4"><span class='ocrx_word' id='word_1_69' title='bbox 63 549 149 573; x_wconf 66' lang='lat' dir='ltr'>Vfflsco,</span> <span class='ocrx_word' id='word_1_70' title='bbox 169 550 373 572; x_wconf 79' lang='lat' dir='ltr'>1⁰.Frid.Blummbach‚</span> <span class='ocrx_word' id='word_1_71' title='bbox 388 549 487 572; x_wconf 86' lang='lat' dir='ltr'>Gothano‚</span> <span class='ocrx_word' id='word_1_72' title='bbox 511 550 543 570; x_wconf 87' lang='lat' dir='ltr'>Fr.</span> <span class='ocrx_word' id='word_1_73' title='bbox 557 549 596 571; x_wconf 73' lang='lat' dir='ltr'>Car.</span> 
     </span>
     <span class='ocr_line' id='line_1_13' title="bbox 66 578 595 603; baseline -0.002 -5"><span class='ocrx_word' id='word_1_74' title='bbox 66 578 148 603; x_wconf 73' lang='lat' dir='ltr'>Wagner.</span> <span class='ocrx_word' id='word_1_75' title='bbox 162 578 398 601; x_wconf 78' lang='lat' dir='ltr'>Moeno-francofurtenfi,</span> <span class='ocrx_word' id='word_1_76' title='bbox 415 583 433 597; x_wconf 88' lang='lat' dir='ltr'>et</span> <span class='ocrx_word' id='word_1_77' title='bbox 442 578 595 603; x_wconf 64' lang='lat' dir='ltr'>ImffinrJaeger,</span> 
     </span>
     <span class='ocr_line' id='line_1_14' title="bbox 63 605 596 632; baseline 0 -6"><span class='ocrx_word' id='word_1_78' title='bbox 63 606 191 632; x_wconf 64' lang='lat' dir='ltr'>Gostingenfi,</span> <span class='ocrx_word' id='word_1_79' title='bbox 203 607 311 632; x_wconf 78' lang='lat' dir='ltr'>dignitatem</span> <span class='ocrx_word' id='word_1_80' title='bbox 319 607 401 626; x_wconf 86' lang='lat' dir='ltr'>medicae</span> <span class='ocrx_word' id='word_1_81' title='bbox 412 608 454 626; x_wconf 80' lang='lat' dir='ltr'>artis</span> <span class='ocrx_word' id='word_1_82' title='bbox 465 607 554 626; x_wconf 86' lang='lat' dir='ltr'>summam</span> <span class='ocrx_word' id='word_1_83' title='bbox 562 605 596 626; x_wconf 86' lang='lat' dir='ltr'>im-</span> 
     </span>
     <span class='ocr_line' id='line_1_15' title="bbox 62 635 596 661; baseline -0.002 -6"><span class='ocrx_word' id='word_1_84' title='bbox 62 636 134 661; x_wconf 80' lang='lat' dir='ltr'>pertiet.</span> <span class='ocrx_word' id='word_1_85' title='bbox 178 635 240 655; x_wconf 81' lang='lat' dir='ltr'>Faciet</span> <span class='ocrx_word' id='word_1_86' title='bbox 254 635 291 655; x_wconf 84' lang='lat' dir='ltr'>hoc</span> <span class='ocrx_word' id='word_1_87' title='bbox 310 636 393 655; x_wconf 81' lang='lat' dir='ltr'>oratione</span> <span class='ocrx_word' id='word_1_88' title='bbox 410 635 484 661; x_wconf 83' lang='lat' dir='ltr'>publice</span> <span class='ocrx_word' id='word_1_89' title='bbox 497 635 558 654; x_wconf 85' lang='lat' dir='ltr'>habita</span> <span class='ocrx_word' id='word_1_90' title='bbox 572 635 596 655; x_wconf 85' lang='lat' dir='ltr'>de</span> 
     </span>
     <span class='ocr_line' id='line_1_16' title="bbox 62 664 597 691; baseline -0.002 -7"><span class='ocrx_word' id='word_1_91' title='bbox 62 664 168 690; x_wconf 81' lang='lat' dir='ltr'>quaestione</span> <span class='ocrx_word' id='word_1_92' title='bbox 180 665 258 689; x_wconf 76' lang='lat' dir='ltr'>cognitu</span> <span class='ocrx_word' id='word_1_93' title='bbox 271 670 311 684; x_wconf 89' lang='lat' dir='ltr'>non</span> <span class='ocrx_word' id='word_1_94' title='bbox 324 664 434 684; x_wconf 82' lang='lat' dir='ltr'>iniucunda:</span> <span class='ocrx_word' id='word_1_95' title='bbox 455 671 487 689; x_wconf 78' lang='lat' dir='ltr'>qun</span> <span class='ocrx_word' id='word_1_96' title='bbox 494 665 543 690; x_wconf 75' lang='lat' dir='ltr'>sensu</span> <span class='ocrx_word' id='word_1_97' title='bbox 551 665 597 691; x_wconf 84' lang='lat' dir='ltr'>affir-</span> 
     </span>
     <span class='ocr_line' id='line_1_17' title="bbox 63 692 597 719; baseline 0 -7"><span class='ocrx_word' id='word_1_98' title='bbox 63 694 108 712; x_wconf 79' lang='lat' dir='ltr'>mari</span> <span class='ocrx_word' id='word_1_99' title='bbox 114 693 173 719; x_wconf 69' lang='lat' dir='ltr'>poffit,</span> <span class='ocrx_word' id='word_1_100' title='bbox 187 693 280 712; x_wconf 77' lang='lat' dir='ltr'>medicinam</span> <span class='ocrx_word' id='word_1_101' title='bbox 287 694 326 715; x_wconf 80' lang='lat' dir='ltr'>hoc,</span> <span class='ocrx_word' id='word_1_102' title='bbox 340 700 373 718; x_wconf 78' lang='lat' dir='ltr'>quo</span> <span class='ocrx_word' id='word_1_103' title='bbox 383 694 461 714; x_wconf 77' lang='lat' dir='ltr'>uiuimus,</span> <span class='ocrx_word' id='word_1_104' title='bbox 473 692 539 719; x_wconf 69' lang='lat' dir='ltr'>saeculo</span> <span class='ocrx_word' id='word_1_105' title='bbox 546 700 597 712; x_wconf 78' lang='lat' dir='ltr'>emm-</span> 
     </span>
     <span class='ocr_line' id='line_1_18' title="bbox 63 720 595 747; baseline -0.002 -6"><span class='ocrx_word' id='word_1_106' title='bbox 63 721 121 741; x_wconf 75' lang='lat' dir='ltr'>datam</span> <span class='ocrx_word' id='word_1_107' title='bbox 139 723 216 746; x_wconf 71' lang='lat' dir='ltr'>nouitque</span> <span class='ocrx_word' id='word_1_108' title='bbox 227 723 324 741; x_wconf 72' lang='lat' dir='ltr'>incrementi:</span> <span class='ocrx_word' id='word_1_109' title='bbox 339 722 422 747; x_wconf 74' lang='lat' dir='ltr'>instgnim</span> <span class='ocrx_word' id='word_1_110' title='bbox 432 720 460 747; x_wconf 70' lang='lat' dir='ltr'>effe</span> <span class='ocrx_word' id='word_1_111' title='bbox 474 721 595 746; x_wconf 75' lang='lat' dir='ltr'>locupletatam.</span> 
     </span>
     <span class='ocr_line' id='line_1_19' title="bbox 62 750 597 775; baseline 0 -6"><span class='ocrx_word' id='word_1_112' title='bbox 62 750 135 769; x_wconf 77' lang='lat' dir='ltr'>Gratias</span> <span class='ocrx_word' id='word_1_113' title='bbox 146 756 181 775; x_wconf 82' lang='lat' dir='ltr'>pro</span> <span class='ocrx_word' id='word_1_114' title='bbox 190 750 281 770; x_wconf 85' lang='lat' dir='ltr'>beneuola</span> <span class='ocrx_word' id='word_1_115' title='bbox 293 750 388 769; x_wconf 88' lang='lat' dir='ltr'>auditione</span> <span class='ocrx_word' id='word_1_116' title='bbox 399 753 441 775; x_wconf 78' lang='lat' dir='ltr'>aget</span> <span class='ocrx_word' id='word_1_117' title='bbox 449 750 533 769; x_wconf 84' lang='lat' dir='ltr'>oratione</span> <span class='ocrx_word' id='word_1_118' title='bbox 540 750 597 769; x_wconf 81' lang='lat' dir='ltr'>latina</span> 
     </span>
     <span class='ocr_line' id='line_1_20' title="bbox 62 778 597 803; baseline -0.002 -5"><span class='ocrx_word' id='word_1_119' title='bbox 62 779 113 798; x_wconf 83' lang='lat' dir='ltr'>idem</span> <span class='ocrx_word' id='word_1_120' title='bbox 119 779 146 799; x_wconf 89' lang='grc' dir='ltr'>Ισ.</span> <span class='ocrx_word' id='word_1_121' title='bbox 151 779 182 798; x_wconf 84' lang='lat' dir='ltr'>Fr.</span> <span class='ocrx_word' id='word_1_122' title='bbox 188 779 303 800; x_wconf 72' lang='lat' dir='ltr'>Blumenbacli,</span> <span class='ocrx_word' id='word_1_123' title='bbox 308 779 331 798; x_wconf 89' lang='lat' dir='ltr'>de</span> <span class='ocrx_word' id='word_1_124' title='bbox 341 779 393 798; x_wconf 84' lang='lat' dir='ltr'>cuius</span> <span class='ocrx_word' id='word_1_125' title='bbox 401 779 478 803; x_wconf 89' lang='lat' dir='ltr'>ingenio</span> <span class='ocrx_word' id='word_1_126' title='bbox 485 784 506 797; x_wconf 82' lang='lat' dir='ltr'>ae</span> <span class='ocrx_word' id='word_1_127' title='bbox 514 778 597 797; x_wconf 69' lang='lat' dir='ltr'>doflrina</span> 
     </span>
     <span class='ocr_line' id='line_1_21' title="bbox 62 806 597 832; baseline -0.002 -6"><span class='ocrx_word' id='word_1_128' title='bbox 62 808 143 826; x_wconf 85' lang='lat' dir='ltr'>maxima</span> <span class='ocrx_word' id='word_1_129' title='bbox 151 813 236 832; x_wconf 84' lang='lat' dir='ltr'>quaeque</span> <span class='ocrx_word' id='word_1_130' title='bbox 245 807 372 832; x_wconf 60' lang='lat' dir='ltr'>exspeelamus.</span> <span class='ocrx_word' id='word_1_131' title='bbox 397 806 431 826; x_wconf 87' lang='lat' dir='ltr'>His</span> <span class='ocrx_word' id='word_1_132' title='bbox 442 807 503 832; x_wconf 85' lang='lat' dir='ltr'>itaque</span> <span class='ocrx_word' id='word_1_133' title='bbox 513 811 533 825; x_wconf 91' lang='lat' dir='ltr'>vt</span> <span class='ocrx_word' id='word_1_134' title='bbox 543 807 597 830; x_wconf 80' lang='lat' dir='ltr'>verba</span> 
     </span>
     <span class='ocr_line' id='line_1_22' title="bbox 62 835 596 860; baseline -0.002 -5"><span class='ocrx_word' id='word_1_135' title='bbox 62 836 173 855; x_wconf 66' lang='lat' dir='ltr'>iacientibus</span> <span class='ocrx_word' id='word_1_136' title='bbox 184 836 243 855; x_wconf 80' lang='lat' dir='ltr'>facere</span> <span class='ocrx_word' id='word_1_137' title='bbox 253 836 365 855; x_wconf 85' lang='lat' dir='ltr'>audientiam</span> <span class='ocrx_word' id='word_1_138' title='bbox 375 841 396 854; x_wconf 85' lang='lat' dir='ltr'>ac</span> <span class='ocrx_word' id='word_1_139' title='bbox 405 835 465 854; x_wconf 81' lang='lat' dir='ltr'>fauere</span> <span class='ocrx_word' id='word_1_140' title='bbox 475 835 546 857; x_wconf 82' lang='lat' dir='ltr'>velitis,</span> <span class='ocrx_word' id='word_1_141' title='bbox 561 841 596 860; x_wconf 83' lang='lat' dir='ltr'>pro</span> 
     </span>
     <span class='ocr_line' id='line_1_23' title="bbox 62 863 596 889; baseline -0.002 -5"><span class='ocrx_word' id='word_1_142' title='bbox 62 863 127 884; x_wconf 80' lang='lat' dir='ltr'>officio</span> <span class='ocrx_word' id='word_1_143' title='bbox 138 864 206 886; x_wconf 81' lang='lat' dir='ltr'>vestro,</span> <span class='ocrx_word' id='word_1_144' title='bbox 224 864 279 884; x_wconf 85' lang='lat' dir='ltr'>Ciues</span> <span class='ocrx_word' id='word_1_145' title='bbox 288 867 306 883; x_wconf 80' lang='lat' dir='ltr'>et</span> <span class='ocrx_word' id='word_1_146' title='bbox 316 863 470 886; x_wconf 80' lang='lat' dir='ltr'>Commilitones,</span> <span class='ocrx_word' id='word_1_147' title='bbox 488 869 561 889; x_wconf 83' lang='lat' dir='ltr'>proque</span> <span class='ocrx_word' id='word_1_148' title='bbox 572 870 596 883; x_wconf 86' lang='lat' dir='ltr'>eo</span> 
     </span>
     <span class='ocr_line' id='line_1_24' title="bbox 62 892 598 918; baseline -0.002 -6"><span class='ocrx_word' id='word_1_149' title='bbox 62 899 132 915; x_wconf 79' lang='lat' dir='ltr'>amore,</span> <span class='ocrx_word' id='word_1_150' title='bbox 147 898 186 918; x_wconf 86' lang='lat' dir='ltr'>quo</span> <span class='ocrx_word' id='word_1_151' title='bbox 193 896 271 912; x_wconf 77' lang='lat' dir='ltr'>matrem</span> <span class='ocrx_word' id='word_1_152' title='bbox 278 893 326 912; x_wconf 82' lang='lat' dir='ltr'>hanc</span> <span class='ocrx_word' id='word_1_153' title='bbox 334 893 415 915; x_wconf 82' lang='lat' dir='ltr'>vestram,</span> <span class='ocrx_word' id='word_1_154' title='bbox 431 892 547 913; x_wconf 77' lang='lat' dir='ltr'>academiam.</span> <span class='ocrx_word' id='word_1_155' title='bbox 557 896 598 912; x_wconf 73' lang='lat' dir='ltr'>tan-</span> 
     </span>
     <span class='ocr_line' id='line_1_25' title="bbox 63 920 597 946; baseline -0.002 -6"><span class='ocrx_word' id='word_1_156' title='bbox 63 927 120 946; x_wconf 87' lang='lat' dir='ltr'>quam</span> <span class='ocrx_word' id='word_1_157' title='bbox 128 921 220 940; x_wconf 68' lang='lat' dir='ltr'>dufirinae</span> <span class='ocrx_word' id='word_1_158' title='bbox 233 923 272 941; x_wconf 83' lang='lat' dir='ltr'>eius</span> <span class='ocrx_word' id='word_1_159' title='bbox 288 927 309 940; x_wconf 88' lang='lat' dir='ltr'>ac</span> <span class='ocrx_word' id='word_1_160' title='bbox 316 921 422 945; x_wconf 82' lang='lat' dir='ltr'>disciplinae</span> <span class='ocrx_word' id='word_1_161' title='bbox 434 920 513 943; x_wconf 86' lang='lat' dir='ltr'>alumni,</span> <span class='ocrx_word' id='word_1_162' title='bbox 527 920 597 946; x_wconf 80' lang='lat' dir='ltr'>ample-</span> 
     </span>
     <span class='ocr_line' id='line_1_26' title="bbox 63 949 598 975; baseline -0.002 -6"><span class='ocrx_word' id='word_1_163' title='bbox 63 950 144 972; x_wconf 70' lang='lat' dir='ltr'>dimini,</span> <span class='ocrx_word' id='word_1_164' title='bbox 162 949 261 975; x_wconf 79' lang='lat' dir='ltr'>diligenter</span> <span class='ocrx_word' id='word_1_165' title='bbox 272 953 291 969; x_wconf 86' lang='lat' dir='ltr'>et</span> <span class='ocrx_word' id='word_1_166' title='bbox 303 955 416 974; x_wconf 83' lang='lat' dir='ltr'>magnopere</span> <span class='ocrx_word' id='word_1_167' title='bbox 429 955 520 974; x_wconf 74' lang='lat' dir='ltr'>rogamus.</span> <span class='ocrx_word' id='word_1_168' title='bbox 557 949 598 968; x_wconf 76' lang='lat' dir='ltr'>Vos</span> 
     </span>
     <span class='ocr_line' id='line_1_27' title="bbox 63 977 598 1003; baseline -0.002 -6"><span class='ocrx_word' id='word_1_169' title='bbox 63 979 154 1003; x_wconf 84' lang='lat' dir='ltr'>inprimis,</span> <span class='ocrx_word' id='word_1_170' title='bbox 167 977 249 998; x_wconf 83' lang='lat' dir='ltr'>Comites</span> <span class='ocrx_word' id='word_1_171' title='bbox 258 978 377 1000; x_wconf 84' lang='lat' dir='ltr'>Illustrissimi,</span> <span class='ocrx_word' id='word_1_172' title='bbox 392 977 598 997; x_wconf 78' lang='lat' dir='ltr'>florentiffimaeiuuen.</span> 
     </span>
     <span class='ocr_line' id='line_1_28' title="bbox 63 1006 598 1032; baseline -0.002 -6"><span class='ocrx_word' id='word_1_173' title='bbox 63 1007 108 1026; x_wconf 82' lang='lat' dir='ltr'>tutis</span> <span class='ocrx_word' id='word_1_174' title='bbox 117 1007 208 1032; x_wconf 77' lang='lat' dir='ltr'>principes</span> <span class='ocrx_word' id='word_1_175' title='bbox 218 1010 237 1026; x_wconf 81' lang='lat' dir='ltr'>et</span> <span class='ocrx_word' id='word_1_176' title='bbox 248 1010 365 1028; x_wconf 74' lang='lat' dir='ltr'>ornamenta,</span> <span class='ocrx_word' id='word_1_177' title='bbox 379 1006 391 1025; x_wconf 77' lang='lat' dir='ltr'>si</span> <span class='ocrx_word' id='word_1_178' title='bbox 399 1012 435 1031; x_wconf 94' lang='lat' dir='ltr'>qua</span> <span class='ocrx_word' id='word_1_179' title='bbox 443 1006 487 1029; x_wconf 63' lang='lat' dir='ltr'>huic</span> <span class='ocrx_word' id='word_1_180' title='bbox 495 1006 598 1025; x_wconf 80' lang='lat' dir='ltr'>academiae</span> 
     </span>
     <span class='ocr_line' id='line_1_29' title="bbox 62 1034 599 1060; baseline -0.002 -6"><span class='ocrx_word' id='word_1_181' title='bbox 62 1041 145 1060; x_wconf 84' lang='lat' dir='ltr'>vnquam</span> <span class='ocrx_word' id='word_1_182' title='bbox 157 1036 285 1060; x_wconf 81' lang='lat' dir='ltr'>contigerunt,</span> <span class='ocrx_word' id='word_1_183' title='bbox 307 1034 412 1057; x_wconf 80' lang='lat' dir='ltr'>certiffima,</span> <span class='ocrx_word' id='word_1_184' title='bbox 430 1038 452 1060; x_wconf 51' lang='lat' dir='ltr'>¹vt</span> <span class='ocrx_word' id='word_1_185' title='bbox 462 1040 550 1060; x_wconf 74' lang='lat' dir='ltr'>pompam</span> <span class='ocrx_word' id='word_1_186' title='bbox 564 1034 599 1054; x_wconf 87' lang='lat' dir='ltr'>sol-</span> 
     </span>
     <span class='ocr_line' id='line_1_30' title="bbox 63 1063 599 1089; baseline -0.002 -6"><span class='ocrx_word' id='word_1_187' title='bbox 63 1063 139 1083; x_wconf 88' lang='lat' dir='ltr'>lennem</span> <span class='ocrx_word' id='word_1_188' title='bbox 151 1064 228 1086; x_wconf 85' lang='lat' dir='ltr'>ducere,</span> <span class='ocrx_word' id='word_1_189' title='bbox 249 1069 322 1089; x_wconf 81' lang='lat' dir='ltr'>nosque</span> <span class='ocrx_word' id='word_1_190' title='bbox 339 1063 386 1089; x_wconf 79' lang='lat' dir='ltr'>ipsos</span> <span class='ocrx_word' id='word_1_191' title='bbox 401 1069 424 1082; x_wconf 87' lang='lat' dir='ltr'>ne</span> <span class='ocrx_word' id='word_1_192' title='bbox 435 1063 530 1088; x_wconf 80' lang='lat' dir='ltr'>religiosae</span> <span class='ocrx_word' id='word_1_193' title='bbox 543 1064 599 1082; x_wconf 86' lang='lat' dir='ltr'>caeri-</span> 
     </span>
     <span class='ocr_line' id='line_1_31' title="bbox 63 1091 598 1117; baseline -0.002 -6"><span class='ocrx_word' id='word_1_194' title='bbox 63 1093 139 1112; x_wconf 82' lang='lat' dir='ltr'>moniae</span> <span class='ocrx_word' id='word_1_195' title='bbox 150 1093 259 1117; x_wconf 80' lang='lat' dir='ltr'>publicique</span> <span class='ocrx_word' id='word_1_196' title='bbox 271 1093 316 1112; x_wconf 84' lang='lat' dir='ltr'>ritus</span> <span class='ocrx_word' id='word_1_197' title='bbox 331 1093 436 1117; x_wconf 75' lang='lat' dir='ltr'>poeniteat,</span> <span class='ocrx_word' id='word_1_198' title='bbox 451 1091 522 1111; x_wconf 80' lang='lat' dir='ltr'>efficere</span> <span class='ocrx_word' id='word_1_199' title='bbox 533 1092 598 1114; x_wconf 81' lang='lat' dir='ltr'>velitis,</span> 
     </span>
     <span class='ocr_line' id='line_1_32' title="bbox 63 1119 600 1146; baseline -0.002 -6"><span class='ocrx_word' id='word_1_200' title='bbox 63 1121 87 1141; x_wconf 69' lang='lat' dir='ltr'>ad</span> <span class='ocrx_word' id='word_1_201' title='bbox 97 1121 206 1146; x_wconf 85' lang='lat' dir='ltr'>religionem</span> <span class='ocrx_word' id='word_1_202' title='bbox 218 1121 293 1140; x_wconf 81' lang='lat' dir='ltr'>vestram</span> <span class='ocrx_word' id='word_1_203' title='bbox 302 1121 458 1146; x_wconf 81' lang='lat' dir='ltr'>humanitatisque</span> <span class='ocrx_word' id='word_1_204' title='bbox 467 1119 550 1140; x_wconf 86' lang='lat' dir='ltr'>officium</span> <span class='ocrx_word' id='word_1_205' title='bbox 558 1126 600 1145; x_wconf 81' lang='lat' dir='ltr'>per-</span> 
     </span>
     <span class='ocr_line' id='line_1_33' title="bbox 63 1150 271 1169; baseline 0 0"><span class='ocrx_word' id='word_1_206' title='bbox 63 1150 123 1169; x_wconf 78' lang='lat' dir='ltr'>tinere</span> <span class='ocrx_word' id='word_1_207' title='bbox 138 1150 271 1169; x_wconf 76' lang='lat' dir='ltr'>arbitramiuor.</span> 
     </span>
    </p>

    <p class='ocr_par' dir='ltr' id='par_1_2' title="bbox 289 1176 600 1203">
     <span class='ocr_line' id='line_1_34' title="bbox 289 1176 600 1203; baseline -0.01 -5"><span class='ocrx_word' id='word_1_208' title='bbox 289 1177 309 1198; x_wconf 89' lang='grc' dir='ltr'><strong>Ο</strong></span> <span class='ocrx_word' id='word_1_209' title='bbox 323 1184 337 1203; x_wconf 85' lang='lat'>4</span> <span class='ocrx_word' id='word_1_210' title='bbox 528 1176 600 1196; x_wconf 75' lang='lat' dir='ltr'>Interea</span> 
     </span>
    </p>
   </div>
  </div>
 </body>
</html>
