710 1313
254 232 397 247 a
556 242 593 261 ¹95

58 277 79 297 P.
89 277 179 298 Cornelio
187 277 273 297 Africano
282 277 306 297 11.
320 277 349 297 Ti.
359 277 470 303 Sempronio
478 277 547 303 Longo
557 277 592 303 (V.

59 305 81 326 C.
95 308 139 330 560.
153 312 168 326 a.
178 305 200 326 C.
214 306 268 331 194.)
282 305 355 325 dedufli
365 307 412 325 inter
421 306 464 325 alias
476 307 546 326 ciuium
554 306 593 327 Ro-

58 340 158 354 manorum
165 334 248 354 colonias
256 334 308 354 fuere
316 334 402 354 coloniae
412 334 510 360 Tempsam
520 339 539 355 et
547 336 593 355 Cro-

59 367 134 386 tonem,
153 363 193 383 Liv.
205 362 297 385 XXXV,
311 368 344 388 45.
380 362 477 384 crutam.
499 364 550 383 addit
562 363 596 390 1.ἰῖ

60 393 112 415 vius,
135 392 195 411 Graeci
209 391 300 411 habebant.-
316 397 365 416 quos
379 392 436 415 adeo,
459 392 507 412 cladi
525 393 594 418 patriae

59 420 174 446 superstites,
189 419 263 439 Bruttiis
276 419 367 445 digreffis,
382 426 405 440 eo
414 420 484 440 rediiffe
497 421 595 446 probabile

60 449 86 468 fit.
115 448 185 469 Iterum
200 448 245 468 hinc
257 447 360 468 Crotonem
374 454 410 469 nec
423 449 542 469 mediocriter
553 450 595 475 opi.

61 478 96 497 bus
106 478 202 503 copiisque
211 476 308 497 effloruiffe
319 477 415 502 probabile
427 477 458 500 fit,
476 478 595 503 quandoqui-

61 506 104 525 dem
118 506 204 526 co1oniae
216 505 271 525 huius
280 511 341 525 mores
352 505 385 525 suo
393 509 477 531 tempore
485 506 595 532 deprauatis-

60 534 115 554 fimes
123 533 184 557 fuiffe,
197 538 244 554 noto
255 534 299 554 loco
307 534 372 554 docuit
379 533 452 554 Petron.
467 540 474 553 1
481 536 511 554 ιε.

122 588 214 609 Coloniae
230 588 380 609 Crotoniatarum
399 579 451 609 fiere
475 584 536 609 Tm'ha
559 588 593 614 (v.

61 618 153 643 Scymuus
164 617 222 637 Chius
236 623 253 636 v.
266 623 310 641 305.
322 616 355 643 6.)
377 621 417 637 tum
435 617 516 637 Caulonia
536 617 595 642 (ibid.

63 653 72 671 3
80 650 110 668 18.
120 645 150 672 9.)
165 649 183 666 et
192 645 289 671 Pandofia:
306 646 329 666 de
342 646 410 672 quibus
424 646 461 666 alio
471 650 555 672 tempore
570 647 597 667 vi-

60 675 155 695 debimus:
173 674 252 698 (Proluss
261 674 313 698 XL).

119 729 180 756 Atque
188 729 233 749 haec
244 729 319 755 quidem
330 729 381 756 funt,
400 735 448 755 quae
459 730 483 750 de
493 730 597 750 florentini-

62 765 93 779 ma
105 756 236 784 hac'virorum
250 764 350 784 rerumque
364 759 423 784 copiis
436 759 481 778 vrbe
496 759 597 779 memorari

63 794 107 808 cum
121 787 158 810 fide
171 787 233 812 aliqua
251 786 301 812 poss'e
318 786 432 806 videbantur.
448 792 450 794 ·
473 786 505 807 De
522 787 596 812 legibus

64 817 104 836 eius
116 815 234 835 etjnstitutis
247 815 294 834 nihil
306 815 342 838 est,
365 815 418 840 quod
429 816 461 838 iis,
483 821 531 841 quae
545 815 600 841 supra

63 845 119 864 allata
129 844 189 866 fuere,
204 843 247 863 addi
258 850 269 863 a
279 844 334 864 nobis
345 843 404 869 poffit-
439 843 459 864 P.
465 843 484 864 P.
503 843 544 864 Kal.
558 844 597 870 Jul.

63 873 96 894 010
102 873 123 893 10
128 878 221 893 ccx-xxxv.

322 1186 342 1206 N
357 1193 369 1206 2
417 1208 419 1211 ,
484 1184 606 1215 Epimetrusn
