710 1313
179 253 242 274 Locus
251 254 275 274 est
287 253 379 274 Herodoei
391 255 410 273 in
424 255 483 274 verbis
495 253 628 275 Themistoclis
640 255 661 275 ad

123 282 247 308 Eurybiadem
261 282 366 305 Laconem,
387 284 406 302 in
415 289 454 308 quo
467 283 498 303 ilie
513 284 605 306 minatur,
628 284 659 303 nisi

122 317 186 337 pugna
193 311 216 331 ad
225 311 336 332 Salaminem
347 312 390 334 fiat,
403 311 531 335 Athenienses,
546 313 619 337 quippe
628 313 660 337 qui

122 340 178 359 semel
195 341 231 359 iam
248 345 305 359 naues
321 340 470 363 conscenderint,
494 340 609 365 prufefluros
625 341 659 360 ess'e

122 369 144 388 ad
155 369 210 388 Sirim
218 369 237 388 in
246 368 308 392 Itali23
325 375 364 388 eam
375 370 425 388 enim
433 375 442 388 a
455 369 514 394 prisco
522 369 566 388 inde
574 373 659 395 tempore

122 396 261 417 Atheniensium
273 396 333 419 fuiffe,
349 401 368 416 et
380 397 453 417 oracula
465 398 529 417 iubere
537 397 657 418 Athenienses

122 432 163 445 eam
174 426 254 445 condere
263 424 289 451 h).
319 425 404 452 Spectant
416 426 461 445 haec
470 426 493 446 ad
505 425 537 446 01.
543 425 628 449 LXXV,
642 433 657 447 1.

121 454 172 480 Ergo
180 456 216 474 iam
226 458 267 474 tum
276 454 318 474 lom
330 455 352 474 ad
364 454 418 474 Sirim
425 455 491 474 incolis
500 461 558 474 vacua
569 459 628 478 erant,
640 459 658 475 et

120 483 207 506 colonos,
220 489 261 502 eam
269 484 301 508 qui
309 483 451 508 frequentarent,
457 483 590 508 exspedabant.
606 483 658 503 Con-

121 515 213 531 verterant
224 511 309 531 Polieum
322 512 443 531 inhabitantes
456 511 521 539 Iones,
541 512 572 531 seu
585 512 656 535 Siritae,

119 540 132 560 fi
141 541 165 559 ita
175 541 235 560 dicere
248 540 317 566 piacet,
336 541 418 563 animos,
441 544 461 559 vt
473 541 569 565 probabile
581 540 612 563 fit,
633 541 656 561 ad

119 569 248 591 Athenienses,
266 572 330 594 vtpote
341 569 404 588 eadem
415 569 468 594 stirpe
478 569 541 588 Ionica
554 570 655 593 oriundos;

119 601 138 617 et
150 597 197 616 sorte
208 597 242 616 alia
253 596 397 620 intercesserant,
415 603 461 623 quae
475 603 525 617 nunc
540 598 654 623 ignoramus,

118 631 204 651 quaeque
217 625 288 645 efficere
300 630 387 651 potuere.
410 629 429 645 vt
438 626 576 645 Atheniensium
588 632 609 646 ea
622 633 654 647 co-

117 655 169 674 lonia
182 655 205 674 ab
221 654 280 680 priseo
291 658 375 679 tempore
386 654 489 674 haberetur.
525 654 565 674 Iam
581 655 652 675 dudum

117 687 178 703 autern
191 682 319 706 Athenienses,
333 684 358 702 rei
367 683 437 702 naualis
444 683 493 703 forte
501 683 567 706 studio,
581 683 652 703 Italiam

116 718 137 731 ae
150 712 229 731 Siciliam
243 712 302 731 oculis
317 711 366 737 quasi
380 715 398 731 et
411 711 483 731 confisis
497 712 609 735 defixerant,
632 717 653 732 vt

117 744 174 760 certas
186 740 219 760 fibi
229 741 247 759 in
257 741 278 759 iis
287 740 346 762 sedes,
363 740 411 760 sorte
418 744 483 765 portus
493 744 511 760 et
524 741 605 764 naualia,
620 747 652 767 pn-

117 773 182 788 rarent.
220 768 295 788 Exitum
306 775 335 788 tes
348 768 414 788 habuit
427 775 472 788 mox
481 769 501 788 in
517 768 592 789 Thuriis
607 776 652 790 con-

116 798 191 820 dendis,
208 801 227 817 et
240 797 337 822 aliquanto
347 798 387 822 post
395 797 447 816 class‘e
460 797 546 817 aduersus
557 798 652 823 Syracusa-

115 832 150 845 nos
160 825 215 845 missa.
251 825 322 845 Verum
334 826 370 845 iam
386 830 428 845 ante
440 825 485 845 haec
495 830 579 851 tempora
591 828 650 846 conti-

114 855 158 879 gisse
171 854 241 874 neeesse
250 855 284 877 est,
302 855 354 879 quod
365 855 388 874 de
404 855 468 874 Samiis
481 859 542 874 narrat
553 861 576 874 ex
587 855 650 880 Hege-

113 883 173 902 sandri
185 884 322 902 commentariis
336 883 440 902 Athenaeus
449 884 480 906 ὓς
502 889 534 903 eos
547 884 648 909 aliquando

114 911 192 936 Sybarin
202 911 303 936 nauigaffe,
317 912 378 931 etiam
386 912 479 931 Siritidem
489 915 555 931 terram
565 912 648 936 tenuisse,

113 946 157 959 curn
164 940 261 965 perdicum
274 940 389 960 euolantium
401 940 475 965 strepitu
482 941 605 965 perterrefacti
615 942 649 961 ite-

113 975 154 987 rum
166 969 245 988 nauibus
255 968 356 988 conscensis
368 968 489 988 discesserunt.
519 968 561 988 1²0st
569 968 657 995 Olympi·

112 996 208 1020 LXXXI,
217 1004 236 1022 4.
252 1001 312 1017 autem
325 1003 385 1017 nouae
398 997 470 1022 Sybaris
484 997 549 1017 coloni
561 998 602 1018 loca
616 999 648 1018 illa

112 1025 134 1045 ad
144 1026 198 1045 S'm'm
205 1026 223 1045 fl.
234 1026 302 1051 quibus
309 1025 405 1046 Tarentini
414 1026 540 1049 imminebant,
556 1032 647 1052 occupare

563 1055 646 1075 voluere.

125 214 165 235 238

131 1101 150 1122 h)
162 1101 238 1118 Herodat.
242 1101 285 1120 Vin.
294 1103 319 1120 ⁶2.

130 1131 148 1151 l)
159 1130 217 1146 Athen.
228 1129 296 1146 iinxu,
308 1136 323 1151 p.
329 1131 364 1150 ⁶5⁶.
370 1130 387 1147 C.
399 1129 443 1146 loen:
454 1130 484 1146 inin
495 1135 504 1146 ι
511 1130 578 1148 Vniken.
586 1131 604 1146 nd
613 1131 646 1148 He.

165 1151 216 1167 rodet>
228 1151 257 1167 Len
269 1152 352 1169 exciutun.
373 1152 397 1168 Ex
408 1152 463 1168 eodem
475 1157 507 1168 rem
518 1152 563 1173 periit
573 1152 645 1170 Eun-th.

166 1177 182 1192 p.
187 1174 223 1192 789.
236 1175 275 1189 exrr.
