710 1313
252 230 394 244 -ι--ι-ἰ

551 243 592 265 ⁴29

51 289 108 309 quam
123 281 191 303 melius
205 283 317 308 cognoscere
335 283 397 306 licuit,
420 289 476 309 quam
492 284 522 303 vbi
536 283 594 303 libro-

51 319 100 334 rum,
116 312 184 337 quibus
194 312 306 331 bibliotheca
316 312 391 337 publica
404 312 535 337 locupletanda
544 312 593 335 effer,

51 342 159 361 notationes
172 344 191 360 et
205 341 339 365 designationes
359 340 391 365 ipfi
403 347 413 359 a
429 347 459 360 me
472 340 593 365 offerrentur-3

52 375 96 389 nam
109 369 121 388 ss
129 375 173 388 eum
184 369 216 388 fibi
227 369 289 388 offerri
301 374 331 388 eas
342 369 400 391 velle,
418 369 488 388 oblatas
502 375 594 394 recogno-

52 398 113 420 scere,
128 397 163 417 alia
173 397 280 420 subnotare,
299 397 333 416 alia
347 397 404 417 obelo
418 398 528 420 confodere,
551 398 594 417 soli-

53 430 95 446 tum
105 425 156 446 fuiffe
165 432 231 449 narro,
245 425 276 445 etfi
285 426 351 445 exteris
360 432 424 451 parum
433 426 531 452 probabile
542 426 594 446 vide-

52 456 114 478 bitur,
130 461 165 480 pro
178 459 229 474 certo
241 458 304 474 tamen
319 461 340 474 ac
356 456 419 474 testato
434 461 464 474 me
477 455 514 474 hoc
528 455 594 480 eloqui

54 484 121 506 nostis,
134 483 194 502 Patres
199 490 205 507 ;
219 487 259 503 tum
271 483 302 502 ille
313 483 382 503 librum
393 489 530 509 nonnunquam
541 484 593 503 dam-

53 513 119 534 nabat,
135 518 184 534 meo,
199 513 231 537 qui
243 511 327 531 nondum
339 511 408 531 librum
417 511 507 533 vidiss‘em,
522 512 593 532 iudicio

53 541 95 560 satis
103 540 219 566 probabilem
225 555 230 563 ,
244 546 301 565 quem
312 544 373 559 tamen
382 544 455 565 tempus
463 546 484 560 ae
492 546 519 560 res
528 541 593 566 paullo

54 570 95 595 post
106 575 136 588 nie
150 569 237 591 docebat,
258 569 281 588 de
298 574 373 591 eorum,
390 570 423 594 qui
435 569 527 594 probandi
541 573 559 588 et
571 570 592 589 in

55 598 186 617 bibliothecam
195 597 304 617 admittendi
315 596 380 619 essent.
398 603 477 617 numero
486 597 533 617 reste
540 597 593 617 fuiss’e

54 626 146 645 reieaum.
176 626 218 645 Alio
231 630 314 650 tempore
327 625 340 645 fi
351 625 394 645 libri
403 626 426 646 ad
437 626 490 645 suum
501 626 593 646 indicium

54 661 94 674 non
103 654 203 674 admodum
211 654 305 680 praeclari,
313 654 361 673 forte
373 655 427 674 etiarn
435 660 501 679 magna
510 655 592 680 impensa

52 683 166 706 redimendi,
180 682 272 702 neceffitas
282 687 343 702 tamen
352 689 362 702 a
374 689 404 702 rne
417 683 447 702 vel
457 683 534 706 vtilitas,
549 683 593 703 effet

54 712 163 734 monstrata,
176 711 200 731 de
208 712 296 731 sententia
305 711 340 731 lile
349 715 368 730 et
381 711 477 731 voluntate
485 711 516 731 sua
524 712 592 731 lubens

56 740 161 760 decedebat.
199 740 245 759 Non
259 739 296 759 fine
315 740 372 759 animi
387 740 482 765 voluptate
498 740 592 760 interdum

54 769 101 789 dum
109 768 308 788 bibliothecaeloculos
316 768 412 794 perlustro,
421 769 440 788 in
447 769 517 788 librum
522 769 592 792 incido,

54 798 78 817 de
99 803 138 823 quo
158 801 199 817 tum
214 803 257 817 cum
277 797 366 816 emendus
385 796 428 816 elset
448 797 593 817 controuerfiam

55 830 116 845 natam
125 830 144 846 et
151 825 228 845 caussam
239 832 249 845 a
260 832 291 851 me
302 831 335 851 per
352 825 421 845 litteras
436 825 522 850 diligenti
538 832 593 851 argu-

55 859 161 874 mentorum
170 854 284 880 expolitione
293 854 382 879 agendam
390 854 482 874 recordor.
505 854 592 874 Omnino

56 885 116 906 enim,
130 889 166 909 qua
175 884 194 902 in
208 889 227 902 re
239 883 301 907 magni
313 882 357 902 Eius
369 883 425 902 animi
437 883 526 902 iudicium
538 883 592 903 lucu-

54 911 173 931 lentissimum
185 917 255 937 ponere
265 911 325 933 soleo,
339 914 378 930 erat
389 912 459 936 ingenii
472 912 518 931 mira
529 912 592 937 aliqua

55 940 149 962 docilitas,
166 941 186 959 in
202 940 243 960 sene
255 945 341 965 quoque;
360 939 446 959 'voluntas
461 939 556 962 flexibilis,
574 944 593 960 et

55 969 78 988 ab
88 969 140 987 omni
148 969 269 988 obstinatione
279 974 300 987 ac
309 968 409 993 peruicacia
417 968 481 987 aliena.
511 967 592 994 Copiam

54 997 118 1017 iudicii
126 997 185 1016 facere
195 997 268 1016 vtilitati
276 996 362 1022 publicae
371 996 445 1015 volebat
453 1002 511 1016 vnum
527 1003 592 1022 quern-

54 1031 98 1051 que.
142 1025 229 1045 Veritatis
244 1025 345 1044 austeritati
359 1028 431 1044 tantum
447 1025 527 1045 tribuiffe
543 1030 591 1051 puto

53 1054 141 1074 mortales
149 1060 224 1079 paucos,
237 1057 286 1074 certe
294 1059 318 1073 ex
326 1053 423 1073 doctorum
428 1054 509 1073 virorum
517 1060 592 1079 genere.

111 1108 138 1128 Vt
152 1112 214 1128 tamen
226 1108 272 1136 haee
289 1109 361 1130 omnia,
381 1114 429 1134 quae
445 1109 503 1129 modo
519 1110 542 1129 ab
554 1109 592 1129 hoe

53 1137 101 1156 Viro
115 1142 186 1159 curata,
205 1137 336 1159 administrata,
351 1137 423 1162 prouisa
434 1137 525 1160 diximus,
544 1144 593 1163 quo-

54 1166 112 1186 modo
127 1167 151 1185 ab
163 1172 200 1185 vno
210 1167 260 1188 viro,
279 1166 338 1185 diuini
351 1166 437 1190 quamuis
451 1166 532 1191 ingenii,
548 1167 591 1186 miri

500 1200 591 1215 acuminis
