2542 5146
158 631 243 727 με
557 604 841 670 Q

154 807 374 913 sapientiae,
408 827 504 907 quat
524 816 609 883 tota
636 828 684 881 ex
701 806 900 885 verborum
926 805 1093 908 strepitu·
1108 809 1234 908 pende

157 925 242 1010 bat,
275 925 458 1010 virorum,
490 943 585 1021 quos
602 943 686 997 cum
703 920 748 996 ad
771 934 916 997 ceteras·
936 935 1021 998 turn
1047 923 1096 999 ad
1122 923 1234 1022 pbilo-

156 1034 323 1139 sophicas
350 1035 518 1136 inprimis
543 1034 748 1135 disciplinas
772 1050 937 1125 vocaret,
980 1036 1123 1114 dilettu
1150 1036 1233 1115 Got-

155 1155 282 1251 tingae
310 1150 415 1227 saluti
435 1149 616 1249 prouidit,
645 1149 897 1226 historicarum
918 1164 957 1227 et
979 1154 1231 1252 antiquiorum
1263 1201 1264 1206 =

155 1265 503 1364 elegantiorumque
541 1263 745 1340 litteratum
790 1277 971 1363 tanquam
1010 1266 1119 1344 vallo
1161 1292 1228 1343 ean

154 1383 291 1468 cinxit,
324 1377 644 1478 bibliothecaeque
674 1378 809 1477 opibus
831 1378 876 1455 ad
909 1379 1082 1457 vtiliores
1116 1387 1227 1481 copias
1261 1380 1265 1405 ⁵

152 1513 174 1572 a
227 1494 359 1571 ieiunis
413 1491 803 1591 argumentatiunculis
856 1495 1001 1570 animos
1060 1496 1224 1573 traduxit

152 1607 283 1709 ltaque
313 1606 533 1706 Gottingam
569 1605 801 1706 philosophia
830 1607 998 1685 ecretnca
1031 1608 1161 1687 statim
1192 1611 1225 1685 ab

153 1726 263 1801 initio
287 1720 532 1819 immigrauit3
570 1715 790 1819 Gottingae,
832 1724 940 1798 etiam
970 1722 1225 1824 philosophiae

151 1836 339 1927 dederes,
371 1837 538 1913 dubitare
556 1849 593 1912 et
613 1833 798 1912 nonnulla
824 1835 960 1912 nescire
980 1835 1057 1914 anfi
1078 1839 1176 1915 sunt.

260 2053 335 2133 Res
352 2055 501 2131 tandem
522 2053 730 2133 scholastica
755 2055 794 2129 in
814 2053 872 2130 his
889 2057 993 2132 terris
1020 2054 1047 2133 sr
1068 2058 1118 2134 ad
1147 2057 1224 2137 nul·

145 2169 220 2247 lam
238 2170 317 2245 satis
332 2169 564 2271 probabilem
581 2168 836 2246 conditionem
853 2168 916 2246 illa
933 2170 1070 2261 cottia,
1104 2198 1222 2274 neque
1268 2216 1269 2219 κ

146 2309 193 2362 eo
215 2282 366 2361 adducis
386 2285 465 2384 est,
480 2296 521 2358 vt
544 2284 749 2360 academica
771 2283 861 2360 haec
891 2286 1012 2361 nostra
1039 2288 1218 2366 institutio
1265 2292 1266 2296 '

144 2399 228 2475 satis
267 2415 442 2498 magnum
480 2396 637 2475 frudum
672 2399 892 2475 nostratibus
926 2399 1058 2477 afferre
1102 2402 1216 2502 posit.

142 2510 401 2592 Mvncnnvsn
427 2525 549 2588 tamen
582 2513 1134 2612 curis,imputaudun1habet,
1183 2533 1218 2592 vt
1265 2581 1267 2584 .

142 2628 207 2703 illa
229 2628 302 2704 lroc
318 2628 460 2714 saltem,
492 2650 570 2724 quo
594 2627 682 2714 est,
704 2626 792 2703 loco
810 2625 863 2702 srt.
921 2627 1020 2705 Nam
1046 2653 1127 2730 quo
1151 2636 1216 2708 mi·

141 2767 213 2821 nus
233 2743 299 2817 illa
310 2744 349 2817 in
373 2766 419 2818 eo
437 2741 552 2838 gradu
571 2743 765 2818 constituta
784 2739 846 2831 srt,
884 2765 962 2841 quo
988 2742 1216 2822 Mvucnrrv·

140 2881 217 2933 srvs
232 2856 413 2933 adducere
436 2878 515 2931 eam
540 2856 678 2945 voluit,
714 2854 898 2953 summum
929 2854 1012 2933 Viri
1036 2857 1214 2940 libertatis

138 2970 312 3071 publicae
343 2970 502 3046 studium
526 2969 729 3046 intercefflt.
811 2968 962 3049 Publice
997 2976 1102 3048 enim
1127 2976 1213 3052 vtile

139 3082 209 3162 eil'e
225 3085 360 3184 potest,
393 3098 431 3158 vt
447 3083 603 3160 liberum
621 3083 663 3159 stt
681 3084 917 3175 hominibus,
950 3088 989 3162 in
1016 3089 1212 3166 nonnullis

135 3198 201 3277 fibi
219 3196 301 3296 ipsis
325 3195 462 3285 deesse,
497 3210 534 3273 et
553 3196 708 3286 meliora
731 3198 919 3297 aspernari.
986 3197 1066 3299 Ipsa
1098 3207 1154 3279 rei
1174 3208 1211 3279 in

133 3313 325 3414 publicum
346 3307 545 3388 frutinosae
563 3311 715 3388 vtilitate
736 3313 834 3388 allici
852 3314 1023 3410 homines
1047 3317 1209 3398 volebat

131 3425 325 3504 Ilfeldense
346 3432 466 3502 tamen
486 3423 757 3526 Paadagogium
776 3451 862 3503 cum
879 3427 966 3504 alias
983 3443 1063 3506 tum
1088 3432 1211 3509 nouis-

132 3539 230 3618 fimis
248 3542 477 3640 temporibus
494 3543 543 3616 ita
564 3542 742 3618 adornare
758 3553 796 3618 et
818 3543 990 3619 instruere
1009 3550 1149 3643 coepit,
1171 3562 1210 3625 rt

127 3655 195 3732 'illa
226 3655 404 3731 institutio
434 3654 662 3732 academicae
686 3654 955 3756 responderet,
987 3671 1106 3757 ntque
1141 3662 1210 3738 hu·

130 3771 314 3846 manitatis
332 3767 462 3846 litteris
485 3770 626 3846 imbuta
648 3769 797 3870 ingenia
820 3767 1022 3871 Gottingae
1045 3774 1210 3855 maderet

128 3879 271 3964 llfelda.

242 4099 411 4202 Ingentia
429 4115 466 4178 et
483 4100 971 4182 inrnrortalia-Mvucnurrsrr
987 4106 1026 4182 in
1043 4103 1204 4190 Litteras

127 4217 255 4293 merita
284 4218 433 4305 videtis,
481 4215 697 4311 Auditores3
744 4240 868 4307 curas,
921 4219 1203 4316 sollicitudines,

125 4330 242 4409 studia
267 4327 350 4409 Viri
372 4332 590 4419 intnrnrtalis
608 4330 655 4410 ad
677 4333 741 4410 illa
764 4331 1021 4437 consequenda
1044 4338 1086 4433 in
1110 4362 1204 4415 con-

1076 4450 1202 4552 spectu
