2534 4904
548 715 828 734 -..η-*ιι
885 705 895 722 ⁸

152 705 229 799 356

147 865 242 945 ciosa
262 875 300 941 et
323 859 453 960 ampla.
527 853 790 957 Locupletatae
813 856 897 933 l'unt
930 883 999 935 eae
1022 864 1150 962 copiae
1172 866 1219 938 in

149 982 241 1080 signi
267 974 464 1053 accellione
489 985 682 1073 apparatus
704 969 942 1048 metallorum
969 974 1217 1063 Schluteriani,

147 1096 345 1193 largitione
368 1088 481 1187 Regis
507 1086 617 1162 nostri
638 1083 971 1164 munificentilsrma
996 1092 1036 1165 in
1058 1089 1220 1168 alateum

148 1209 224 1304 hoc
240 1205 489 1284 academicum
508 1200 610 1276 illati.
670 1198 846 1276 Instruxit
861 1199 979 1291 illud,
1013 1205 1120 1281 bono
1144 1231 1219 1282 eum

151 1326 290 1409 omine,
311 1319 445 1418 opibus
462 1314 653 1392 nonnullis
669 1314 825 1390 aliorum
844 1338 1001 1415 quoque
1017 1317 1219 1408 liberalitas,
1243 1420 1244 1423 Ἴ

152 1452 192 1514 vt
211 1459 329 1534 nuper
346 1429 560 1508 Celsrllrmae
577 1425 773 1528 Principis,
803 1427 988 1507 llenricae
1004 1429 1219 1511 Christianae
1242 1496 1243 1499 ,

150 1552 198 1628 de
215 1534 417 1633 Waldeclr,
446 1541 731 1642 exquisrtillnuas
752 1545 892 1643 ingenii
911 1547 1108 1648 animique
1125 1550 1219 1626 dotes
1240 1543 1243 1567 ⁹

151 1689 239 1744 cum
256 1665 404 1739 naturae
428 1674 465 1736 et
481 1659 683 1734 litterarum
707 1680 831 1733 amore
847 1680 888 1732 ac
909 1657 1033 1737 studio
1051 1665 1221 1764 copulan-
1239 1722 1241 1731 ,

153 1783 209 1856 tis.
271 1777 351 1854 Alia
376 1776 478 1852 dono
502 1770 596 1847 rnisrt
615 1768 683 1846 Vir
711 1769 923 1848 clariffimus
949 1772 998 1849 de
1023 1771 1127 1867 Luc,
1157 1776 1220 1854 Ge·

154 1892 340 1981 neuensrs,
373 1889 482 1965 frater
509 1883 736 1962 sollertissimi
759 1910 978 1963 arcanorum
1002 1903 1157 1968 naturae
1174 1895 1220 1967 in·

153 2008 357 2105 dagatoris3
397 2017 434 2080 et
456 2004 529 2077 iarn
548 2000 734 2100 superiore
751 2025 849 2076 anno
873 1997 966 2077 LB.
994 2003 1218 2107 de'Hr'ipsch,

151 2119 220 2196 Vir
243 2119 375 2196 Illustr.

265 2258 344 2336 Iam
370 2282 457 2334 eum
479 2256 685 2334 multorum
708 2257 803 2333 votis
827 2255 899 2333 hoe
925 2264 1139 2358 expetitum
1166 2289 1219 2341 au·

153 2377 373 2461 diuerimus,
396 2395 530 2473 resque
549 2372 642 2448 illud
661 2370 734 2471 ipsa
756 2395 920 2461 monere,
953 2375 1218 2480 consiliumque
1243 2457 1244 2461 r

153 2488 358 2568 adornandi
391 2486 574 2565 eiusmodi
596 2484 717 2564 lllusei
747 2485 931 2585 postulare
953 2488 1148 2584 videatur,
1187 2507 1244 2568 vt

154 2608 345 2704 copiarum
370 2602 625 2701 congestarum
645 2623 687 2677 ac
705 2599 926 2675 seruatarum
950 2606 1087 2680 notitia
1106 2608 1218 2706 aliqua
1243 2653 1244 2656 κ

151 2718 300 2821 publice
326 2715 511 2817 propofita
535 2714 664 2791 exstet:
691 2710 818 2814 (atque
840 2716 978 2791 vtinam
1000 2714 1114 2796 {insili
1131 2723 1217 2797 insti.

152 2850 235 2911 tuto
263 2832 506 2909 bibliothecae
523 2828 663 2904 nostrae
678 2850 769 2928 opes
792 2827 992 2907 describere
1011 2848 1050 2908 et
1064 2835 1217 2934 publicis

150 2948 271 3036 vsrbus
297 2970 484 3048 exponere
507 2942 678 3034 liceretl)
712 2942 1018 3020 eccel'ubnaturn
1040 2951 1154 3028 nobis
1177 2950 1239 3035 eli⁴

151 3061 364 3150 confilium,
408 3062 599 3160 potiorum
620 3078 762 3145 rerum,
793 3079 899 3156 *quae
926 3059 966 3133 in
992 3058 1131 3140 Museo
1153 3064 1218 3141 hoc

151 3177 361 3254 academico
381 3176 640 3260 continentur,
667 3168 855 3247 recensum
881 3172 919 3247 in
945 3172 1093 3273 aliquot
1121 3201 1218 3255 conr·

150 3288 471 3391 mentationeulis‚
501 3310 590 3386 quas
603 3285 685 3383 vhoc
702 3284 850 3383 publice
867 3287 1057 3385 praefandi
1084 3316 1216 3370 munus
1236 3381 1237 3384 q

149 3406 256 3483 certis
277 3404 505 3501 temporibus
522 3402 649 3498 exigit,
669 3398 842 3499 deinceps
857 3402 987 3479 licere.
1031 3398 1081 3480 Et
1097 3411 1215 3506 primo

149 3518 302 3618 quidem
325 3515 411 3591 loco
435 3540 549 3594 aanor
565 3516 737 3591 Romanor
754 3513 938 3590 recensere
961 3518 1085 3609 iuuat,
1110 3522 1215 3596 initio

147 3635 288 3715 aruntis
297 3628 520 3730 subtiliorum,
554 3653 644 3728 quas
668 3643 821 3717 vocant,
852 3627 965 3719 fallo,
996 3631 1073 3708 hoc
1099 3635 1151 3711 est
1174 3637 1214 3710 ab
1236 3686 1237 3692 κ

145 3749 190 3822 iis
207 3748 348 3836 numis,
383 3768 478 3846 quos
499 3767 563 3844 per
586 3743 723 3819 liberae
749 3745 838 3841 reip.
862 3756 1029 3843 tempora
1056 3747 1146 3824 inde
1171 3750 1212 3824 ab

144 3857 190 3938 V.
203 3856 244 3936 C.
265 3874 368 3957 484,
408 3882 484 3959 quo
509 3860 670 3957 primurn
701 3872 897 3956 argentum
920 3856 1053 3957 signari
1078 3865 1213 3962 coepit,

140 3997 257 4075 vsque
276 3975 320 4051 ad
337 3970 520 4050 excelsum
530 3970 693 4070 Augusti,
715 3974 756 4046 in
770 3972 857 4047 vrbe
878 3972 1030 4072 quidem
1048 3978 1214 4075 quaesto-

141 4114 198 4190 res
222 4091 349 4166 urbani
370 4102 406 4165 et
421 4086 475 4166 111
485 4090 552 4163 viri
565 4082 821 4187 AAAAEFF.
852 4084 913 4162 seu
936 4090 1143 4167 monetales
1160 4091 1212 4188 a),

1173 4210 1213 4282 in

180 4362 217 4443 a)
238 4361 319 4422 Raro
338 4371 423 4422 extra
444 4359 603 4431 ordinem,
629 4377 688 4420 nee
708 4356 765 4420 nisa
787 4376 824 4420 ex
846 4355 946 4432 sero,
970 4359 1098 4425 Aediles
1120 4383 1213 4428 coru·
1239 4340 1240 4384 3

249 4449 296 4507 les
318 4466 353 4522 ae
377 4444 419 4528 pl.
463 4443 558 4507 Porro
581 4462 637 4526 pro
652 4441 775 4508 lllriris
797 4442 930 4507 instituit
954 4442 1084 4511 [Vriros
1105 4447 1213 4596 Capsrbr

1086 4566 1091 4572 ·
1168 4553 1186 4596 u
