710 1313
61 255 169 281 prosperum
182 262 244 276 rerum
261 259 280 275 et
297 256 398 276 secundum
414 256 486 277 cursum
508 256 599 276 declarare

60 284 138 309 pollint,
159 285 295 304 munificentiae
312 285 373 310 regiae
389 291 448 310 genus
459 285 535 311 publice
547 291 599 305 corn-

61 314 181 336 memorabit,
200 319 243 333 eum
252 313 406 338 Indulgentiffimi
418 314 474 333 nostri
485 313 542 339 Regis
554 314 599 333 ima-

60 342 125 365 ginem
143 347 167 361 ex
180 348 271 361 marmore
284 347 374 367 perquam
392 342 460 362 affabre
479 342 597 365 elaboratam,

60 370 164 390 academiae
173 371 224 389 dono
232 370 299 390 miserit
311 371 388 396 publico
399 370 442 390 loco
453 371 473 390 in
485 370 598 390 bibliotheca

61 397 124 423 Regio
131 411 140 414 -
148 398 256 419 Academica
271 399 388 424 ponendam,
414 399 486 424 Regina
504 398 516 419 S
522 405 534 418 o
540 405 549 418 r
555 405 568 418 ιι
574 405 579 418 1
586 405 597 418 Α

61 426 228 450 CuARi-OTTA,
244 427 366 447 dulciffimum
378 428 460 450 ciuibus,
475 431 494 447 et
505 428 547 447 orbi
561 431 599 448 ter-

59 461 123 475 rarum
136 456 244 476 carissimum
258 462 338 480 nomem
359 459 379 475 vt
393 456 440 476 adeo
453 462 521 476 munus
536 462 569 481 per
580 456 597 476 se

60 484 178 509 splendidum
194 486 262 505 mirum
273 488 364 511 quantum
375 484 477 510 splendoris
489 490 513 505 ex
527 485 598 510 duplici

60 513 106 532 dote
121 513 196 536 habeat,
221 513 272 538 quod
286 517 305 533 et
318 514 342 533 ab
356 512 433 538 Optima
448 513 519 538 Regina
536 513 598 538 prose-

60 541 111 561 dum
123 545 142 561 et
149 541 249 567 Optimum
260 541 331 567 Regem
343 542 366 561 ad
377 542 441 561 viuum
454 541 558 567 express‘um
565 548 598 561 ex.

60 570 119 589 hibet.
149 570 204 594 Quae
218 571 278 590 nostra
294 570 394 593 sollennia,
414 576 457 592 eum
469 570 506 596 ipsa
521 576 596 596 pompa,

60 604 109 623 quae
117 599 139 618 ad
149 599 240 625 templum
249 599 374 619 academicum
382 599 470 621 ducetur,
485 603 505 618 vt
513 598 597 619 Comites

60 627 177 650 illustrissimi,
193 633 264 653 vosque
273 633 347 653 genere,
359 631 383 649 et,
398 633 446 652 quae
454 628 527 652 generis
537 627 597 654 splen-

60 655 107 676 dore
115 657 178 681 potior
189 657 284 679 habenda,
298 656 362 675 indole
370 660 389 676 et
400 657 477 682 ingenio
489 662 510 676 ac
521 663 597 677 morum

59 685 164 708 honestate,
188 685 295 705 ornatissimi
309 684 375 706 ciues.
397 685 465 704 vestrae
482 685 597 710 frequentiae

59 717 148 739 tanquam
162 714 205 734 luce
217 714 297 739 fulgeat,
321 714 356 733 hac
371 713 408 739 ipsa
424 713 486 733 tabula
503 713 597 739 proposita

59 743 162 768 nostrisque
175 743 261 768 precibus
272 741 403 762 humaniffimis
417 741 488 761 efficere
495 742 595 762 voluimus.

60 771 100 793 PJ’.
109 772 128 790 in
133 771 215 797 Georgia
219 770 299 797 Augusta
305 771 323 791 d.
328 770 382 791 XVI.
389 770 437 797 Sept.
448 769 594 791 cloloccrxxvi.

556 220 595 238 ²5¹

545 1163 593 1196 x1v'.
