2542 5010
164 701 206 754 Η
217 703 241 775 4
535 664 835 722 -..··.·...·-...··..·.·

151 845 205 923 ad
222 842 375 922 Zaleuci
395 841 522 940 legum
546 835 813 940 simplicitatem
844 844 964 922 multo
988 850 1105 946 magis
1128 873 1222 927 acce·

149 960 247 1037 dere
277 972 468 1057 putamus,
519 978 630 1055 quam
659 956 704 1031 ad
731 953 947 1045 Charondae
971 960 1221 1057 subtilitatem

153 1074 312 1149 alteram
335 1072 373 1148 de
396 1073 586 1168 nuptiarum
610 1068 793 1187 diuortiisa
826 1075 969 1149 tertiam
996 1079 1034 1151 dc
1054 1077 1217 1176 epitiuim
1245 1130 1271 1181 Ν.

152 1187 206 1264 de
223 1200 373 1287 utraque
391 1185 461 1262 hac
482 1185 565 1283 lege
580 1183 707 1283 paullo
730 1185 812 1284 post
838 1186 1055 1266 videbimus.

131 1397 157 1418 ²
241 1403 244 1410 ’
274 1406 329 1483 Ne
346 1410 416 1504 quir
438 1432 508 1481 cum
525 1408 626 1482 armis
648 1399 697 1481 nd
709 1408 888 1482 concionem
906 1408 1044 1506 prodito
1063 1401 1123 1507 e),
1158 1410 1221 1487 alia

113 1567 116 1573 ·
160 1518 378 1599 Charondae
406 1520 579 1605 leniuit,
613 1522 652 1594 in
673 1517 844 1618 populari
871 1519 934 1596 illa
960 1523 1112 1620 quidem
1138 1529 1221 1626 reip.

159 1636 468 1713 administratione
495 1631 694 1721 vtiliffima,
738 1632 797 1708 sed
817 1632 882 1731 ipsu
907 1638 1043 1711 auctori
1062 1640 1218 1714 exitiosa.

148 1749 258 1828 ·Nam
283 1772 368 1834 cum
384 1748 447 1822 ille
469 1748 514 1822 ad
528 1746 797 1847 reprimendam
813 1748 999 1846 latronum
1014 1751 1220 1828 incursatio-

157 1889 245 1940 nem
269 1859 444 1961 egreffus‚
481 1872 517 1936 et
540 1860 626 1937 inde
644 1861 690 1935 ad
716 1863 841 1936 vrbem
858 1864 976 1938 redux
997 1862 1129 1954 fanus,
1159 1890 1223 1964 po-

133 1963 293 2083 ¹puium
318 1974 497 2052 concursu
524 1973 616 2050 fatto
641 1974 857 2050 tumultuari
890 1975 1053 2066 vidisset,
1094 1978 1218 2077 gladio

150 2103 201 2169 'vt
237 2103 314 2167 erat
342 2088 501 2177 cintius,
546 2089 585 2163 in
614 2090 836 2164 concionem
869 2088 1047 2188 proceffit
1124 2092 1221 2170 Tum

159 2227 249 2284 vero
274 2226 321 2279 ex
337 2201 530 2279 maleuolis
555 2193 678 2290 vnus‚'
711 2205 749 2277 in
775 2202 939 2300 gladium
971 2206 1138 2296 intuens,
1188 2221 1223 2290 at

144 2332 239 2407 ·tu,·
263 2319 404 2416 inquit,
441 2329 540 2391 tuam
564 2315 639 2414 ipse
661 2315 783 2413 legem
809 2317 1007 2415 infringis;
1054 2322 1221 2411 minime,

146 2430 313 2520 Hercle,
347 2431 491 2528 inquit,
521 2427 581 2505 sed
602 2428 778 2523 sanciam;
835 2430 1029 2530 strictoque
1053 2437 1223 2531 protinus

158 2545 284 2646 gladio
323 2545 493 2619 incubuit
519 2544 585 2644 s).
688 2543 861 2635 Quodn
895 2547 953 2634 ei,
1012 2549 1078 2644 qui
1120 2548 1223 2648 leget
1261 2576 1263 2590 ²

144 2660 301 2759 populo
322 2656 476 2754 scripit,
520 2656 760 2755 cogitandum
785 2659 853 2743 est,
894 2681 972 2734 non
995 2659 1119 2751 suum,
1161 2678 1225 2761 aut

145 2777 361 2873 priuatum,
397 2770 458 2845 sed
484 2771 675 2868 publicum
694 2770 727 2845 se
746 2769 814 2846 effe
832 2772 1042 2863 hominem,
1080 2775 1225 2875 legum.

156 2909 230 2988 que
248 2885 458 2964 austeritate
482 2884 574 2960 nihil
604 2883 670 2960 fibi
688 2882 756 2959 effe
779 2883 878 2983 poffe
908 2889 1009 2986 prius
1026 2892 1220 2987 potiusne:
1266 2933 1271 2998 Ι

155 3000 263 3077 facile
295 3000 427 3098 aliquis
456 3022 500 3074 eo
532 2999 731 3097 procedere
756 3000 891 3097 potest,
935 3015 975 3076 vt
1000 3002 1059 3077 vel
1084 3005 1157 3080 vita
1181 3029 1222 3082 ac

153 3113 402 3213 spirituleges
426 3111 491 3187 fibi
511 3112 718 3189 sanciendas
740 3111 808 3188 effe
827 3115 1029 3190 arbitretur.
1091 3115 1224 3210 Quan-

95 3312 98 3317 ,
142 3231 282 3327 *topere
306 3243 426 3302 autem
453 3225 497 3302 ad
525 3229 700 3302 maiorem
726 3226 851 3324 legum
875 3231 1117 3306 reuerentiam
1139 3233 1221 3309 talis
1267 3318 1271 3326 ⁴

152 3344 250 3430 eius,
282 3344 347 3441 qui
364 3342 520 3438 rogauit,
550 3339 717 3416 seueritas
737 3337 882 3417 vatuiffe
898 3341 1066 3420 debuerit
1075 3369 1087 3438 ;
1114 3346 1221 3433 facile
1267 3342 1271 3420 i

153 3456 203 3532 est
224 3455 424 3555 unicuique
443 3452 488 3530 ad
504 3453 799 3556 intelligendum.

1152 3585 1219 3708 ⁴In

138 3856 146 3866 ·
195 3833 234 3915 e)
254 3796 377 3914 Madian
397 3827 467 3911 μεθ’
488 3827 586 3894 ὅπλων
609 3828 824 3914 ἐκκλησιάζειν.
856 3832 956 3899 addita
979 3831 1136 3900 sandiione
1160 3837 1217 3918 (v.

266 3917 336 3980 var.
354 3915 508 3988 Manvl,
524 3930 555 3994 5.
584 3926 647 3979 ext.
657 3919 707 3996 4.)
742 3927 793 3991 vt,
825 3918 846 3997 fi
873 3921 943 4001 quis
962 3922 1124 3984 concionem
1147 3938 1216 3986 cunt

258 3999 349 4081 ferro
365 3994 516 4084 intrasset,
557 4003 697 4064 continuo
719 3993 946 4088 interficeretur.

187 4140 282 4229 ἣν.
304 4147 513 4228 uuonan,
533 4164 581 4226 19.
612 4146 682 4213 va.
699 4150 778 4213 nn.
798 4147 858 4212 nc.
891 4146 1013 4222 ornan,
1045 4145 1099 4226 qn
1120 4145 1218 4230 syn.

264 4227 384 4294 cusani·
409 4230 496 4312 leges
518 4228 649 4312 scripit,
693 4232 753 4294 hoc
774 4231 861 4296 tuem
890 4233 1009 4293 facinus
1037 4229 1217 4296 tribuerunt

258 4313 434 4476 ῗίὶέ,Χίῗιΐῒ
451 4312 593 4476 godone
614 4312 690 4380 teste
710 4316 732 4380 1.
742 4336 769 4382 c.
795 4326 828 4379 et
851 4314 904 4380 sub
925 4313 1214 4400 Orymp.xc11,1.
