2520 4950
233 848 236 855 '
275 833 317 914 bi
339 835 410 933 quir
430 848 551 910 merum
576 829 708 920 biberit,
739 835 799 936 nist
821 832 860 911 tr
880 832 992 912 medici
1012 831 1113 938 buffo,
1143 831 1248 911 vata:

160 948 283 1029 tudinis
304 948 542 1043 recuperandae
561 942 687 1048 cauffo,
707 946 837 1047 sabbam
853 951 969 1051 suarii.
1000 949 1038 1027 id
1049 955 1079 1026 ei
1094 947 1216 1048 copitab

160 1070 224 1170 esto
253 1069 308 1156 u).
369 1059 426 1141 En
445 1061 569 1160 legem
585 1059 921 1141 Mohanrmedicana
944 1079 1030 1141 ante
1059 1063 1217 1145 Muharu-

161 1179 329 1266 medem,
356 1191 394 1254 et
418 1175 484 1253 sub
500 1175 592 1252 caeli
615 1175 724 1273 plaga
744 1175 899 1271 diuersa3
958 1179 1005 1254 ab
1028 1178 1155 1256 eadem
1176 1193 1219 1254 ta·

159 1318 248 1376 rnen
278 1288 421 1380 cauria,
458 1302 499 1366 vt
530 1290 724 1390 probabile
745 1288 806 1383 fit,
861 1291 1095 1392 profetiam,
1132 1316 1223 1380 cunr,

160 1403 419 1487 animaduersis
435 1403 594 1480 exitiobs
611 1402 758 1492 effetiis,
779 1430 858 1482 non
873 1406 973 1494 haec,
999 1406 1060 1483 sed
1077 1397 1226 1484 cunisam

163 1523 288 1625 ipsam,
307 1517 512 1596 tollendam
527 1514 596 1593 effe
611 1516 789 1595 iudicaret
803 1519 930 1619 legum
946 1522 1081 1596 auttor.
1112 1519 1225 1615 Quod

163 1639 293 1738 legum
322 1648 359 1709 et
377 1634 625 1709 institutorum
642 1653 760 1729 genus
778 1657 864 1710 curn
881 1649 1030 1710 naturae
1048 1634 1224 1712 humanae

165 1755 243 1831 vim
258 1751 386 1837 faciat,
417 1749 492 1822 vim
515 1745 648 1822 habere
665 1744 757 1822 solet
776 1748 954 1847 quamdiu
969 1772 1120 1825 morum
1134 1750 1226 1850 aspe-

165 1869 252 1945 ritas
288 1867 458 1960 vitaeque
490 1859 674 1936 austeritas
710 1858 825 1939 durat
899 1859 998 1939 Cum
1030 1862 1109 1963 ipso
1138 1868 1227 1941 vitae

166 1979 290 2062 cultu,
329 1974 593 2072 multomagis
619 1972 732 2050 luxus
761 1979 1007 2077 contagione,
1041 1976 1138 2055 solui
1165 2003 1227 2056 ne·

166 2091 262 2173 ceffe.
279 2090 339 2169 est.

278 2323 359 2404 Hae
384 2338 422 2402 et
443 2322 576 2401 limiles
593 2322 695 2422 leges
718 2321 809 2400 aliae
827 2320 947 2401 feciiie
971 2323 1165 2410 videntur,
1198 2337 1235 2400 vt

166 2465 237 2544 pro
264 2437 489 2517 seueriihmis
520 2437 743 2516 haberentur
771 2441 928 2514 omnino
965 2462 1048 2529 eae,
1094 2462 1191 2540 quae
1216 2462 1235 2515 a

167 2556 336 2637 Zaleuco
361 2554 512 2655 scriptae
534 2552 638 2643 sunt,
675 2553 790 2628 veteri
814 2554 1040 2653 prouerbio:
1098 2555 1238 2632 Zaleuci

164 2670 220 2750 bx
247 2675 304 2762 x).

282 2838 447 2919 Mnibnm
472 2839 572 2917 idem
596 2837 715 2945 dixrffr
732 2841 847 2920 fertur
860 2844 909 2930 ei,
940 2844 997 2942 qui
1015 2847 1238 2944 eprregrinr·

167 2963 255 3036 tione
287 2956 409 3039 redux,
445 2959 672 3054 qrtorfiuerut:
715 2985 793 3034 num
823 2959 904 3056 quid
930 2959 1021 3036 noui.
1094 2957 1167 3036 Sed
1191 2983 1238 3034 an

166 3068 280 3150 hoca
298 3069 466 3149 Zaleuco
491 3072 729 3156 constitutum
754 3071 815 3160 fit,
853 3071 974 3149 dicere
998 3074 1060 3147 vix
1088 3072 1236 3149 habeas.

112 3220 118 3255 r
166 3182 412 3276 Plutarchus,
449 3207 567 3284 aquo
597 3184 672 3264 hoc
698 3185 833 3277 fluxit,
880 3183 1063 3287 Egregie,
1104 3189 1239 3287 inquit,

1028 3297 1238 3379 Locrorum

210 3476 258 3559 u)
280 3475 352 3546 cirre
372 3469 501 3551 ἄκρατον
521 3473 605 3550 ran,
626 3475 669 3555 uti
688 3476 914 3560 προστάξαντος
934 3479 1050 3561 ἰατροῦ,
1073 3477 1240 3563 &apruniac

282 3560 372 3623 ἕνεκα
392 3561 479 3640 (hoc
495 3559 600 3644 itaque
618 3576 783 3640 exceptum
804 3563 875 3643 lege
897 3563 986 3641 fnit).
1010 3562 1143 3662 hairum
1164 3559 1239 3647 ἦνῆ

283 3642 1238 3808 iiiiii,ibbbbiairibhr&bibrum

282 3811 373 3875 fonte
388 3808 495 3876 haniit.
517 3812 638 3873 rem-ita
653 3809 761 3874 effert:
805 3809 842 3875 Si
861 3815 932 3898 quis
949 3823 1117 3896 aegrotans
1135 3819 1239 3880 υἰηκα

283 3914 400 3958 merum
424 3892 553 3978 bibisset,
590 3893 702 3979 iniuffu
731 3894 850 3967 medici,
894 3897 1007 3981 etiamst
1035 3897 1238 3984 conualuiffet,

284 3982 394 4042 mortis
413 3977 634 4062 risupplicium
655 3986 722 4043 crat
741 3980 947 4065 constitutum,
969 3983 1067 4065 quod,
1090 4004 1159 4047 cum
1181 4003 1239 4047 non

281 4061 502 4146 praescriptum
524 4061 580 4165 iffi
605 4059 688 4147 effer,
729 4070 828 4128 tamen
851 4062 985 4137 biberat,
1021 4063 1064 4128 brt
1083 4067 1127 4147 μή
1151 4090 1239 4148 tpar-

283 4147 407 4226 ταχθὲν
432 4146 512 4230 αὐτῷ
534 4147 585 4208 οδε
608 4151 710 4211 aaran
758 4147 818 4211 Ser
843 4150 917 4210 huic
943 4148 1124 4229 exscriptori
1146 4150 1240 4214 sideru

283 4231 388 4293 minna
409 4229 538 4302 habeat,
559 4230 809 4312 qnandoquidem
831 4229 883 4293 ilie
901 4231 1126 4312 interpretandi
1145 4248 1179 4298 et
1192 4254 1240 4297 or·

282 4315 373 4374 nandi
396 4313 485 4376 studii
511 4333 582 4376 reus
605 4316 737 4377 habetur
757 4312 888 4376 infinitis
909 4316 1071 4395 exemplis.

164 4407 167 4411 ⁵
211 4424 253 4506 x)
277 4404 328 4490 ιι).Ι
351 4424 471 4487 Zenob.
499 4425 579 4488 cent
604 4412 733 4495 IV.10.
785 4424 974 4509 Diogeuiao.
998 4427 1089 4492 Ceut.
1106 4427 1168 4503 lv,
1188 4446 1238 4508 94.

284 4508 382 4604 Micia.
409 4506 548 4591 Apostol.
565 4507 626 4583 ΙΧ,
641 4526 692 4585 5ο.
