2550 5108
438 287 720 309 ··-··--····
1035 284 1110 359 303

51 434 149 510 inter
173 427 264 509 deos
283 428 522 529 ingeniorum
536 427 695 506 fautores
717 427 766 506 est
779 426 990 529 adscriptus,
1014 430 1120 529 quod

52 545 207 623 Athenis
224 547 263 621 in
291 546 368 620 eius
384 545 487 620 lacris
512 542 707 619 dramatica
726 541 842 642 poesis
859 546 976 642 prima
999 546 1119 638 incre.
1144 641 1150 645 ἡ

43 659 181 737 'menta
208 672 246 736 et
281 657 427 735 laudem
452 656 590 733 habuit
672 654 807 757 Neque
831 659 967 735 mirum
1000 659 1118 737 videri

53 774 185 856 debet,
216 771 243 852 sr
264 785 396 874 poetae
413 770 458 847 ad
474 770 605 860 deum,
635 784 810 870 tanquam
829 770 1031 863 authorem,
1063 786 1121 850 re.

55 889 225 966 tulerunt
254 911 315 976 ea,
359 907 453 985 quae
483 886 522 959 in
548 887 625 961 eius
648 884 754 962 sacris
781 885 953 985 ludisque
977 885 1118 968 fierent.

54 1001 144 1081 Pani
181 1022 334 1101 quoque
361 999 535 1101 syringis,
590 1013 764 1099 tanquam
793 1003 934 1100 proprii
961 1002 1121 1094 inuenti,

53 1110 135 1194 laus
158 1117 253 1193 forte
285 1138 365 1191 non
383 1112 533 1190 aliunde
550 1117 671 1203 venit,
703 1136 813 1214 quarn
834 1114 939 1214 quod
961 1112 1119 1194 Arcades

56 1234 135 1308 eius
158 1230 289 1307 festum
312 1228 456 1304 choreis
475 1225 687 1327 fistulaeque
712 1242 823 1304 cantu
838 1231 991 1329 antiquo
1015 1253 1120 1308 more

55 1343 301 1424 celebrabant
361 1338 535 1418 Ceterum
555 1345 594 1417 in
616 1339 831 1443 Apollinem
855 1340 1121 1421 successorem

53 1463 157 1560 poris
185 1460 269 1535 artis
286 1479 439 1557 quoque
463 1456 627 1533 medicae
644 1459 840 1534 inuentum
861 1469 899 1533 et
913 1455 1035 1536 honos
1051 1457 1123 1539 fuir

56 1573 235 1652 collatus:
265 1575 371 1648 cuius
392 1572 581 1669 opinionis
597 1567 753 1648 caullam
780 1585 818 1648 et
834 1572 1017 1673 originem
1040 1596 1121 1652 non

23 1783 25 1789 Ι
56 1686 125 1765 nili
155 1684 394 1765 conietiando
424 1681 653 1785 alloquimur.
740 1682 886 1763 Notum
917 1686 968 1763 est
999 1690 1121 1788 primo

53 1818 225 1902 tempore
247 1799 468 1878 medicinam
487 1800 582 1874 inter
597 1799 766 1876 homines
790 1794 893 1876 suille
918 1802 981 1878 vix
996 1800 1121 1890 vllam,

55 1931 312 2019 praeterquam
336 1912 549 2000 vulnerum,
577 1914 712 2012 quibus
727 1912 876 2002 herbas,
906 1913 1124 1994 herbarum·

59 2054 135 2133 que
158 2029 283 2106 suecos
305 2026 363 2106 vel
379 2027 517 2103 radices
534 2028 636 2102 tritas
668 2020 925 2127 inspargebant
932 2054 943 2123 3
970 2033 1123 2107 morbo·

56 2169 141 2224 rurn
168 2159 290 2222 autern
313 2140 428 2218 cohors
455 2142 590 2241 partim
620 2144 659 2218 in
691 2140 755 2218 illa
779 2145 872 2218 vitae
896 2139 1124 2242 {implicitate

57 2263 152 2336 ueri
175 2257 345 2334 nondum
362 2252 570 2343 incubuerat,
613 2259 710 2332 acuti
734 2279 822 2332 vero
844 2257 966 2334 morbi
990 2281 1011 2333 a
1035 2257 1126 2335 deo·

30 2386 36 2403 '
57 2398 161 2461 rum,
190 2369 332 2450 Phoebi
349 2371 507 2447 maxime
526 2383 564 2445 et
576 2366 739 2460 Dianae,
776 2371 829 2446 ira
850 2372 1125 2469 repetebantur.¹
1249 2384 1253 2395 ⁴

59 2487 117 2567 Ad
147 2486 253 2576 solis,
297 2486 394 2563 aestu
428 2484 494 2562 suo
524 2486 690 2583 aerisque
722 2486 940 2584 intemperie
968 2507 1127 2586 corpora

59 2603 254 2690 tentantis,
296 2603 372 2677 vim
396 2601 507 2677 ineo
531 2595 686 2676 allusum
710 2594 798 2688 elle,
832 2621 913 2675 non
930 2596 1127 2700 fitirnpro-

60 2715 193 2794 babile.
268 2710 365 2791 Cum
388 2727 512 2790 tamen
536 2711 647 2788 semel
672 2712 891 2791 morborum
916 2710 1050 2791 caulius
1079 2711 1127 2792 ad

59 2832 151 2910 deos
179 2829 313 2906 referre
335 2824 508 2927 eoepiilet
534 2842 639 2902 vetus
656 2823 827 2918 Graecia,
855 2849 937 2904 mos
958 2826 1046 2905 inde
1069 2829 1128 2903 in·

61 2944 197 3033 valuit,
227 2943 331 3019 vt-de
346 2943 565 3018 morborum
583 2940 728 3018 auxiliis
750 2939 1028 3019 consulerentur
1050 2941 1127 3020 sere

61 3074 173 3147 vates,
184 3058 415 3155 deorumque
430 3053 578 3132 oracula
593 3054 799 3149 adirentur3
823 3056 918 3131 inter
934 3077 1029 3154 quae
1045 3056 1127 3157 post

60 3170 314 3260 Dodonaeum
330 3170 546 3268 antiquitate
563 3182 600 3245 et
614 3168 825 3252 auctoritate
839 3167 1130 3249 eminuereDel-

63 3287 140 3389 phi.
214 3282 327 3361 Vates
357 3298 481 3360 autem
506 3285 602 3360 inter
625 3283 759 3383 priscos
788 3281 984 3373 homines,
1028 3281 1129 3385 apud

67 3424 163 3502 quos
186 3402 328 3490 omnia,
369 3419 463 3498 quae
489 3400 572 3497 quis
594 3394 754 3488 diceret,
784 3410 974 3488 moneret,
1003 3397 1130 3476 suade·

63 3530 139 3603 ret,
181 3516 288 3592 etiam
314 3534 409 3613 quae
434 3525 614 3601 narraret,
648 3513 827 3602 carmine,
870 3511 1038 3611 adeoque
1072 3514 1132 3589 in·‘

63 3630 251 3708 flammato
277 3628 390 3703 animi
406 3626 550 3726 spiritu,
584 3647 797 3725 magnoque
812 3648 878 3703 ore
894 3627 1131 3727 proferebam·-

63 3759 137 3834 tur,
149 3745 283 3843 pariter
299 3744 421 3820 omnis
436 3740 620 3819 dotirinae
639 3753 677 3816 et
693 3739 888 3840 sapientiae
905 3738 1135 3839 audbreso),

1083 3867 1132 3932 et

72 3972 73 3976 Ἰ
108 3991 146 4072 α)
169 3989 349 4051 ἐνέπνευσαν
369 3987 402 4050 δέ
421 4009 470 4066 μοι
490 3984 581 4063 αὐδήν
601 3984 747 4068 (Musae)
769 3983 878 4136 Oeipv,
900 3980 940 4057 εἷς
959 3987 1132 4065 restitimus

178 4071 217 4132 τά
238 4070 417 4150 τ’ἐσσόμινα
437 4071 496 4153 πρό
514 4069 645 4133 r'le'rru.
667 4067 791 4139 Hefiod,
846 4072 1001 4156 heomt,
1024 4089 1074 4149 31,
1097 4083 1133 4135 et

1024 4155 1130 4238 paullo
