710 1313
126 198 165 218 318

124 243 192 260 certam
201 239 250 261 fore,
266 241 286 258 vt
298 238 412 263 disciplinam
421 238 525 263 publicam,
541 239 617 264 egregie
628 245 655 264 per

123 269 175 288 hunc
182 274 251 287 annum
263 267 352 286 firmum
360 270 379 285 et
389 267 490 289 munitam,
510 268 563 286 omni
575 267 656 287 seuerita-

125 298 148 316 tis
160 296 292 322 perseuerantia
308 295 434 315 continuatam
446 298 465 314 et
479 296 577 315 stabilitam
594 296 656 315 habea-

121 332 169 345 mus.
188 324 317 350 Prosequimur
324 324 393 343 interea
403 324 457 343 bonis
468 325 515 343 votis
524 325 655 350 ominibusque

121 354 199 379 auspicia
208 353 332 378 magistratus,
347 353 377 371 cui
386 353 472 372 crastinus
481 353 519 372 dies
526 353 608 373 aditialis
616 360 656 373 con-

120 383 194 402 stitutus
211 383 245 404 est,
271 382 324 406 isque
341 381 387 400 adeo
402 381 559 406 auspicatiffimus,
581 388 627 402 cum
643 383 655 401 is

121 411 224 431 academiae
238 410 307 429 navales
318 409 376 430 fausto
386 409 443 428 fidere
455 413 505 429 ortos
518 410 591 429 referat.

167 469 215 489 Cum
223 473 285 489 autem
292 470 374 489 muneris
383 470 429 488 ratio
438 469 493 489 nobis
502 470 607 489 iniunxerit
616 470 653 491 hoc,

121 502 141 518 vt
158 499 205 518 festis
217 498 330 517 sollennibus
345 498 466 523 proludamus
484 498 583 523 scriptione
596 499 653 524 aliqua

121 527 196 553 publice
204 527 227 546 ad
239 533 272 546 vos
283 526 364 548 edenda,
379 525 444 549 Ciues,
458 530 477 546 et
487 527 622 551 proponenda;
642 527 651 546 fi

120 552 219 577 sorte'smt,
239 556 272 580 qui
285 554 307 574 ad
319 560 340 574 ea
349 554 428 580 legenda
440 556 523 574 animum
536 559 650 577 conuertant,

119 584 168 603 vnde
178 584 225 603 nihil
234 584 253 602 in
263 589 332 608 penum
344 589 366 603 ac
378 583 443 603 cellam
452 583 527 609 sperari,
540 583 570 602 sed
582 584 649 609 ingenii

117 616 189 632 tantum
198 615 328 631 ornamentum
340 611 470 637 doctrinaeque
481 612 542 631 auftus
554 612 649 637 exspessari

118 641 187 667 potem
209 640 256 660 nihil
267 641 373 666 putauimus
389 642 432 660 cuin
443 640 519 660 confilio
538 641 602 660 nostro
619 641 648 661 effe

87 685 90 688 .
113 669 244 691 «mummius,
259 675 314 694 quam
328 672 347 688 vt
359 675 382 688 ex
394 670 417 688 iis
429 669 471 694 ipfis
483 670 541 694 copiis
552 669 648 692 litterariis,

117 699 185 724 quibus
194 704 226 723 per
237 698 271 717 hus
283 697 331 723 ipsos
340 697 379 716 dies
390 697 471 723 Augusta
476 697 608 717 -munificentia
618 704 648 719 nos

117 728 211 749 iustruxit,
235 726 357 751 defigeremus
373 726 467 746 cimelium
481 726 557 751 aliquod
574 726 647 752 insigne.

116 757 169 775 cuius
178 758 287 780 argumento
296 754 380 780 expolito
388 758 407 774 et
414 756 532 780 interpretatu
543 755 611 774 vtilitas
620 755 649 774 ali-

116 790 153 809 qua
161 784 184 803 ad
196 789 229 803 vos
240 787 258 802 et
271 783 355 802 scientiae
367 783 502 803 inctementum
513 783 573 803 redire
587 783 648 809 posset

155 837 159 841 ”
171 839 214 859 Esto
223 842 285 858 autem
294 838 388 857 cimelium
398 837 445 857 illud
452 843 476 856 ex
484 837 528 859 aliis,
539 844 587 863 quae
597 844 648 858 nunc

113 872 259 887 commemorare
267 872 306 887 non
314 870 370 889 vacat,
386 866 446 893 codex
453 867 604 886 memhranaceun
612 873 648 887 ma-

114 897 174 915 ximae
184 896 265 917 formae,
281 895 313 920 qui
326 894 430 914 vniuersum
443 894 474 913 Ius
487 895 542 914 ciuile
554 901 589 914 vna
602 902 646 915 cum

108 924 219 950 ,Feudorum
230 924 282 943 libris
293 923 429 949 compleffitun
442 923 478 942 fuit
485 923 500 942 is
511 923 557 943 olim
566 923 608 943 Viri
617 923 645 944 Cl.

112 952 156 972 Chr.
165 952 250 974 Gottlieb
260 951 366 974 Schwarzfi,
378 951 483 971 Profefforis
491 952 510 971 in
520 951 575 971 Aead.
585 952 647 972 Alter-

112 981 148 1001 fina
157 981 269 1003 meritissimi,
274 986 377 1005 nuperque,
387 981 410 1000 ab
419 981 458 999 eins
466 980 564 1000 heredibus
574 981 646 1001 redem-

112 1014 148 1032 tus,
156 1010 221 1029 nostris
231 1010 290 1034 copiis
299 1009 378 1028 librariis
387 1008 462 1028 acceffit.
492 1008 597 1034 Descriptio
603 1011 644 1035 qui-

111 1039 155 1060 dem
166 1039 205 1058 eius
217 1038 352 1063 qualiscunque
365 1037 439 1061 vulgata
449 1037 483 1060 est,
506 1043 592 1063 magnam
602 1044 644 1063 par..

110 1070 149 1087 tem
158 1073 181 1087 ex
193 1068 227 1090 viri
237 1067 289 1086 beate
301 1066 382 1085 definisti
394 1065 463 1085 schedis
473 1065 506 1091 a),
524 1072 571 1092 quae
583 1067 643 1086 vfibus

599 1095 643 1118 illis,

112 1133 115 1135 ⁸
129 1137 153 1157 a)
163 1137 181 1154 In
188 1136 263 1158 Catalvgo
274 1136 345 1153 biblioth.
358 1135 476 1152 Schwaninme
487 1136 503 1152 P.
508 1136 531 1155 11.
541 1140 582 1153 ιι..ι.
