2520 4950
444 493 735 537 m
753 486 758 490 ’

1070 543 1094 618 7
1103 541 1121 616 5

66 688 223 766 eximiam
258 687 490 781 adiuntlam,
532 687 635 788 quod
667 648 917 790 magistratum
948 673 1130 779 nostrum,

67 804 226 899 quintum
250 803 478 904 susceptum,
507 806 603 882 inter
630 826 687 881 res
712 805 919 883 constanter
939 818 980 884 et
993 827 1128 906 aequa·

7 1013 10 1016 Α
69 914 176 992 biliter
198 917 391 1019 prosperas
418 918 580 1018 gallum,
617 941 720 996 nunc
736 920 786 994 ita
812 919 1054 1026 deponimus,
1087 932 1128 997 st

9 1046 20 1121 ;
71 1052 129 1105 nec
143 1031 313 1130 publicae
333 1056 403 1109 nec
419 1036 583 1136 priuatae
598 1031 739 1112 nostrae
761 1031 926 1114 felicitati
944 1032 1019 1111 vlla
1036 1032 1126 1112 satta

14 1144 21 1183 ³
74 1140 108 1218 lt
121 1147 329 1227 imminutio
347 1161 411 1225 aut
428 1144 655 1241 obscuratiot
674 1186 677 1190 ⁴
713 1146 816 1244 quod
832 1150 869 1222 in
887 1162 985 1227 tanta
1004 1168 1132 1226 renrnr

25 1312 31 1337 a
76 1255 300 1340 humanarum
333 1261 574 1340 inconstantia
598 1271 636 1337 et
663 1259 904 1340 visiliitudine
936 1262 1019 1362 quis
1046 1281 1131 1337 non

28 1400 40 1461 s,
82 1373 215 1451 notabili
244 1373 369 1474 aliqua
401 1374 550 1454 fortuna
575 1373 684 1450 nobis
708 1371 900 1472 eontigilie
924 1371 1131 1457 existimet?

3 1478 4 1488 '
81 1480 186 1564 Vestra
212 1503 337 1568 autern
362 1490 550 1590 inprimis,
589 1482 764 1571 Cariffimi
782 1484 913 1577 Ciues,
941 1484 1139 1580 rnodeiiia,⁴

50 1657 51 1661 κ
83 1600 279 1680 verecundia
306 1617 343 1682 et
366 1602 564 1702 obsequio,
592 1614 671 1680 tans
689 1615 856 1703 pacatam
884 1625 926 1678 ac
949 1599 1130 1699 tranquil*

84 1711 137 1789 lam
157 1714 354 1796 habuimus
379 1740 494 1815 remp.
526 1729 565 1791 vt
593 1715 773 1796 abeuntes
796 1739 896 1793 nunc
920 1713 1134 1813 magistratu

85 1823 139 1903 line
159 1828 233 1906 vlla
256 1830 488 1911 dubitatione
511 1845 625 1933 remp.
648 1828 785 1910 sal-nant
807 1832 926 1912 iurare
940 1824 1127 1934 polimus.

37 2012 44 2055 r
86 1936 131 2017 Ob
145 1964 255 2045 quern
279 1943 478 2024 secundum
495 1964 617 2022 reruni
639 1943 847 2025 nostrarum
862 1943 1005 2027 cursum
1029 1942 1131 2019 debi-

34 2053 45 2165 ᾗ
83 2069 125 2131 tar
144 2074 299 2157 agentur
323 2055 411 2139 Deo
431 2054 479 2139 Ο.
490 2057 544 2140 Μ.
567 2059 705 2156 gratiae
732 2082 778 2139 eo
804 2058 880 2139 die.
911 2060 980 2138 erit
1003 2069 1132 2136 autem·

81 2170 104 2244 is
122 2194 148 2247 a
164 2169 454 2277 dllJanuarii,
490 2194 568 2271 quo
594 2170 792 2252 academici
814 2172 1042 2271 magistratus
1074 2171 1131 2244 in·

20 2318 38 2334 a
78 2280 174 2383 ignia
202 2288 272 2365 rite
302 2289 448 2367 etintet
474 2284 665 2391 publicant
700 2285 984 2387 gratulationem
1013 2298 1131 2365 bans-

75 2396 223 2479 ferentur
251 2403 291 2479 in

75 2507 344 2604 PHILIPPVM
388 2509 578 2594 GEORG.
611 2507 1019 2613 ¹SCHROEDliRVlll
1075 2506 1126 2587 D.

73 2617 198 2729 Virum
222 2625 600 2732 Experientillrmunr,
639 2631 743 2710 culus
770 2627 1070 2704 beneuolentiam
1096 2636 1135 2704 et

70 2738 350 2831 humanitatem,
395 2763 505 2841 quam
533 2741 592 2821 vel
614 2741 732 2846 ipsum
761 2740 896 2820 medici
921 2761 1062 2817 nomen
1089 2757 1132 2816 ac

67 2855 239 2956 profeffio
261 2855 439 2945 ostendit,
478 2878 688 2959 quumvos
713 2852 839 2936 multis
869 2848 1135 2933 studiofiffrmae

65 2970 266 3065 uoluntatis
291 2971 525 3052 documentis
545 2994 565 3046 a
589 2972 669 3051 viro
691 2964 987 3070 praestantilirrno
1010 2961 1133 3045 decla·

5 3125 7 3129 ·
64 3099 179 3164 utam
210 3085 393 3172 habeatis,
441 3106 520 3164 non
550 3083 784 3174 dubitamus,
831 3083 922 3181 quin
950 3103 1017 3159 vos
1056 3099 1136 3156 non

64 3203 190 3278 minus
215 3223 340 3280 amore
364 3201 407 3278 in
428 3220 513 3280 eum
539 3195 654 3287 dudi,
700 3219 816 3302 quam
849 3190 1134 3284 laudis'restrae

64 3313 280 3395 retinendae
309 3312 429 3393 studio
453 3311 607 3401 incenis,
642 3309 715 3392 litis
741 3310 861 3391 daturi
891 3328 1060 3415 operam,
1095 3320 1138 3386 vt

65 3419 196 3527 legunt
218 3425 399 3514 funditas,
429 3426 656 3526 magistratus
678 3426 901 3511 reuerentia,
938 3422 1137 3507 honestatis

64 3557 102 3622 et
125 3543 284 3641 ingenui
309 3540 462 3642 pudoris
499 3537 769 3644 modestiaeque
802 3540 935 3630 decor,
979 3550 1020 3616 vt
1045 3535 1137 3617 baec

64 3659 212 3746 omnia,
243 3659 413 3760 inquam,
447 3658 595 3758 propria
612 3655 718 3732 robis
733 3651 928 3758 artaque
947 3664 1135 3756 perpetua.

68 3771 195 3864 Quam
226 3770 386 3850 nostram
405 3768 506 3871 spem
534 3767 580 3845 de
607 3770 741 3867 virtute
764 3767 877 3847 vestra
901 3788 944 3843 ac
964 3760 1138 3843 fiduciam

66 3909 200 3963 vanam
225 3900 263 3962 et
287 3887 434 3963 inanem
457 3906 535 3962 non
553 3881 653 3967 fore,
686 3883 725 3960 in
742 3878 825 3984 ipiis
853 3878 912 3960 his
931 3877 1023 3959 noui
1049 3875 1139 3956 anni

67 3999 235 4098 auspiciis
261 3997 335 4077 boc
354 3998 473 4074 vestro
502 3995 601 4097 quast
628 3995 793 4100 auspicio
809 4007 846 4074 et
870 3995 996 4071 omine
1019 3987 1143 4067 decla-

67 4116 214 4201 rabitis,
245 4107 471 4192 lllullriffimi
491 4107 676 4199 Comites,
703 4103 972 4187 Generofiffimi
998 4115 1036 4178 et
1059 4097 1144 4179 No·

69 4223 232 4311 biliibmi
258 4221 391 4319 Ciues,
433 4221 529 4306 fiad
554 4222 740 4307 sollennes
772 4218 1014 4309 caerimonias
1048 4211 1145 4406 didita

1105 4349 1117 4405 ι
1233 4337 1240 4362 .
