710 1313
119 209 146 231 η.

115 248 175 273 enim,
192 247 244 272 quod
256 247 285 266 vel
294 252 317 266 ex
326 246 418 266 Cicerone
426 247 449 266 de
458 246 531 272 iegibus
539 250 605 266 notum
615 246 649 266 eisc

115 276 183 301 potest,
199 282 241 295 eum
254 281 326 295 morem
340 275 441 294 obseruaffe
452 276 582 297 memineritis,
596 281 615 294 vt
629 277 648 294 in

114 305 178 330 legum
190 304 326 323 scribendarum
340 304 406 323 tabulis
419 310 459 323 non
471 304 529 323 modo
544 304 573 323 ius
586 303 647 326 ciuile,

115 337 156 355 aut,
172 339 216 352 cuni
225 338 257 355 eo,
277 332 352 357 publica
365 336 384 352 et
393 332 485 352 sacrorum
500 338 521 352 ac
534 332 648 357 religionum

114 362 159 384 iura,
173 361 225 386 quod
234 361 288 380 etiam
298 361 317 380 in
325 360 411 380 Romano
419 362 458 380 iure
467 360 506 380 fieri
515 361 586 383 videtis,
596 367 647 381 com-

114 390 259 415 prehenderent‚
280 395 344 408 verum
356 390 410 408 etiarn
423 395 454 412 ea,
473 395 521 414 quae
536 389 559 408 ad
571 396 647 409 morum

113 419 225 438 sanstitatem
239 419 323 443 viaeque
335 418 420 443 publicae
435 419 554 443 priuataeque
570 419 647 443 integri-

113 451 168 467 tatem
179 447 248 467 Vtiliter
258 447 339 472 praecipi
352 450 449 471 poterant,
469 446 609 472 perscriberent,
628 451 647 467 et

113 476 202 501 pleraque
210 481 278 500 genera
286 474 402 497 officiorum,
421 481 469 500 quae
480 481 518 495 non
531 475 589 495 modo
599 476 645 498 aliis,

113 505 143 524 sed
155 508 173 523 et
181 504 214 523 fibi
221 504 300 529 quisque
313 507 331 523 et
340 503 376 523 deo
388 503 497 525 immortali,
516 508 535 523 vt
546 504 604 529 vulgo
616 504 646 524 lo-

113 534 188 558 quimur
196 547 202 555 ‚
227 532 314 557 praestare
330 532 386 551 debet
395 547 400 554 ,
422 532 560 557 coufignarent3
590 533 644 555 vnde,

113 561 165 586 quod
177 560 230 580 facile
242 560 321 583 sentitis,
336 561 359 579 ad
367 561 416 580 suam
425 562 504 586 quisque
514 561 570 580 vitam
583 567 604 581 ac
611 568 645 586 pu-

112 591 179 613 blicam
192 590 319 614 priuatamque
329 590 414 608 virtutem
427 589 505 608 {rufium
515 589 597 615 aliquem
609 590 645 609 toi-

112 619 150 640 lerc
163 624 183 637 ac
196 618 289 643 percipere
301 617 365 642 potest.
403 617 460 641 Quod
477 618 527 637 enim
543 619 645 638 nostrarum

112 648 208 671 ciuitatum
216 650 235 665 et
242 647 363 671 imperiorum
371 645 492 672 descriptione
501 646 604 666 institutum
613 647 644 670 est,

111 680 132 695 vt
139 681 212 694 morum
217 675 354 700 fingendorum,
362 676 505 700 ,animorumque
513 671 644 700 regendorum,

113 708 132 723 et
143 704 165 723 ad
182 704 268 728 pietatem
280 709 301 722 ac
319 704 405 722 virtutem
424 704 584 723 informandorum
598 706 644 724 ratio

112 739 134 752 ac
144 732 238 757 disciplina
253 735 325 754 tantum
336 737 375 751 non
385 735 423 751 tota
435 733 501 757 priuati
511 733 601 758 cuiusque
610 733 645 753 ho-

112 762 167 781 minis
176 765 194 780 et
203 761 258 786 patris
268 760 344 780 familias
354 760 429 780 arbitrio
442 760 512 783 reneka,
527 764 559 780 aut
567 761 590 780 ad
600 768 644 781 eum

111 790 159 809 inter
168 795 203 808 nos
214 789 310 811 ordinem,
333 790 366 814 qui
378 789 426 808 sacra
437 795 458 808 ac
470 789 571 814 religiones
586 795 643 813 curat,

111 818 185 840 ¹eiessa,
201 818 278 842 eiusque
287 821 364 842 operae,
383 817 486 840 dothinae,
504 823 557 837 curae
567 822 586 837 et
597 820 644 844 vigi-

111 847 178 866 lantiae
189 845 282 866 commissa
297 845 328 865 fit:
357 845 376 865 id
390 846 441 866 aliter
452 846 469 865 se
485 846 549 866 habuit
562 848 643 873 antiquis

110 875 231 900 temporibus,
247 880 290 894 cum
298 875 335 899 ipsa
346 875 460 897 nutriendae,
475 875 587 898 educandae,
602 882 643 895 cru-

110 904 224 928 diendaeque
233 903 301 922 sobolis
310 903 366 925 ratio,
386 903 460 928 publica
472 904 580 929 priuataque
591 904 643 924 disci-

110 932 171 957 plina,
185 931 258 957 legibus
269 931 313 951 eiset
320 931 417 957 perscripta
426 932 485 957 iisque
493 932 531 951 fere
539 932 643 957 sapientissi-

110 962 150 979 mis.
187 960 241 983 Quae
253 961 278 979 ita
291 960 340 985 apud
352 964 422 979 veteres
436 960 517 985 populos
532 961 642 981 humaniore

110 989 162 1008 cultu
173 989 268 1014 expolitos
279 989 314 1007 sese
321 988 411 1011 habuiffe,
427 990 487 1008 mirari
501 989 564 1009 nolite.
594 990 643 1010 Scri-

110 1018 201 1037 bebantur
216 1018 266 1036 enim
278 1017 321 1036 illae
337 1017 389 1042 leges
405 1023 415 1036 a
427 1017 501 1037 summis
519 1018 641 1043 philosophis,

109 1046 170 1065 multo
178 1051 239 1065 rerum
246 1045 382 1071 hominumque
390 1046 420 1065 vsu
429 1046 514 1071 speci-ms,
530 1047 641 1072 versarisque

108 1075 128 1094 in
139 1074 247 1100 grauiffimis
260 1075 498 1099 reipublicae.muneribus
513 1081 534 1094 ae
546 1076 594 1095 curis
605 1077 640 1098 a):

359 1111 361 1113 ·
575 1104 641 1123 scribe-

117 1153 119 1155 *
130 1145 149 1165 a)
161 1144 205 1165 Opus
215 1143 298 1166 qffiwepit
307 1145 374 1166 legibus,
389 1150 429 1166 qums
439 1147 454 1161 et
462 1144 504 1166 ipsas
514 1145 553 1161 inter
562 1146 604 1161 initia
615 1147 640 1162 en-

119 1181 122 1184 ,
133 1180 136 1183 Δ
147 1181 153 1183 ,,
162 1166 193 1184 lece
200 1165 280 1187 sapimus.
302 1167 360 1182 bem-c·
370 1171 426 1187 quw.
