2566 4906
463 554 747 663 ’ἐξ
979 570 981 575 ’
1091 599 1159 672 55¹

10 776 23 825 t
80 747 145 823 iios
162 768 209 822 ex
218 741 388 831 Achaeis,
412 739 601 820 Theffalos
621 768 640 821 e
658 743 899 844 Magnetibus
915 759 952 824 et
971 744 1143 829 Perrhae-
1226 744 1228 751 '

10 868 22 945 i
80 862 120 937 bie
135 860 256 948 vitiis,
289 857 462 957 adeoque
482 879 529 936 ex
556 857 772 936 hominibus
790 859 873 937 suae
889 864 1023 959 gentio

168 1055 288 1140 Porro
306 1055 404 1156 apud
424 1052 623 1137 Locrenses
646 1077 789 1132 morem
806 1055 920 1149 tuisse,
947 1071 985 1136 vt
999 1087 1067 1159 non
1085 1059 1135 1138 iu·

10 1228 17 1249 .
76 1184 169 1268 gerent
185 1183 343 1257 mortuos,
372 1169 438 1271 sed,
455 1196 526 1246 cnm
541 1163 729 1268 extuiiffeni,
748 1171 966 1269 epularentur,
996 1176 1035 1250 in
1055 1172 1133 1255 He.

10 1320 16 1369 a
79 1284 204 1367 raclidis
222 1285 437 1383 fragmentis
462 1286 641 1360 occurrit:
673 1279 726 1382 (p.
749 1298 810 1370 28.
834 1310 896 1379 30.
923 1287 980 1366 ed.
998 1281 1131 1391 Crag.)

10 1456 16 1469 .
79 1400 215 1475 alterurn
242 1399 449 1479 institutum
475 1411 568 1503 erat,
604 1418 681 1498 quo
708 1401 884 1498 institorias
905 1401 1056 1479 tabernas
1071 1404 1132 1480 ia·

10 1550 15 1604 2,
78 1512 134 1591 teo
148 1540 213 1589 non
241 1512 358 1590 tacebat
381 1525 412 1589 et
429 1538 495 1587 rem
523 1513 758 1609 cauponariam
773 1539 933 1601 exercere,
956 1515 1018 1617 sed
1036 1519 1131 1612 agri·

10 1682 15 1700 .
77 1628 203 1704 uiarum
232 1652 384 1724 quemque
417 1624 512 1724 apud
536 1625 569 1727 se
596 1635 692 1701 nator
709 1623 842 1723 fratirs
868 1630 903 1704 in
919 1628 1037 1728 sorum
1067 1634 1156 1728 np-'

10 1773 14 1824 ε
70 1753 208 1840 portoras
224 1740 359 1817 uendere
389 1734 498 1839 neteffe
520 1749 612 1818 erat:
649 1735 765 1834 Quod
794 1739 1048 1819 institutumfi
1077 1744 1158 1818 vi·'

72 1858 157 1953 gait,
187 1878 267 1930 non
295 1854 388 1930 adeo
404 1876 537 1951 magna
565 1865 790 1929 mercaturae
816 1853 1007 1933 celebritas
1031 1854 1130 1954 apud

70 1964 199 2049 Locros
225 1965 294 2044 eise
318 1969 459 2073 potuit3
500 1979 603 2045 tanto
629 1987 718 2040 vero
744 1969 867 2047 minus
892 1969 1063 2050 auaritiae
1092 1981 1129 2048 et

22 2170 24 2175 ,
68 2081 168 2161 luxus
194 2083 360 2159 fomenta
383 2076 645 2158 subministrata
665 2075 759 2159 l'unt.

169 2278 232 2357 D'e
258 2279 409 2356 caeteris
432 2276 617 2357 Locrorum
639 2275 732 2353 rebar
757 2300 871 2377 pauca
895 2276 1000 2362 sunt.
1031 2301 1128 2379 quae

63 2407 255 2477 tenemus(
285 2391 426 2472 Mirum
441 2405 563 2474 tamen
579 2391 628 2467 est
646 2389 706 2465 vel
722 2388 780 2479 stc,
805 2414 891 2472 curn
909 2415 956 2467 ne
971 2417 1128 2494 magno-

60 2533 141 2591 rum
165 2507 320 2607 quidem
348 2507 586 2603 imperiorum
612 2524 654 2578 ac
674 2505 1029 2609 rerumpublicarum
1051 2531 1130 2587 me-

58 2625 176 2705 moria
200 2621 282 2698 satis
304 2619 475 2718 explicita
501 2617 547 2693 ad
566 2641 635 2693 nos
651 2620 874 2715 peruenerit,
902 2617 1128 2717 fingularum
1161 2696 1163 2701 ,

57 2739 253 2813 ciuitatum
270 2736 417 2811 notitias
440 2748 518 2809 non
535 2730 825 2809 contemnendas
843 2734 923 2810 erui
948 2747 986 2809 et
999 2733 1129 2834 colligi

57 2848 169 2952 poue.

172 3018 286 3098 Locri
312 3017 557 3111 Crotoniatis,
596 3021 777 3121 aquibus
801 3021 903 3099 bello
928 3021 1033 3121 petiti
1048 3019 1129 3098 fue·

59 3140 163 3223 rant,
216 3134 356 3212 cladem
384 3133 487 3213 illam
513 3134 680 3211 nobilem
705 3135 751 3212 ad
777 3135 924 3234 Sagram
948 3133 985 3211 fl.
1018 3131 1129 3231 (ante

60 3246 217 3338 OLLV,
235 3244 289 3347 1.)
315 3247 492 3338 intulere;
523 3248 658 3348 dequa
674 3273 707 3329 v.
719 3250 758 3324 in
772 3246 909 3329 Prolus.
921 3247 973 3330 X.
987 3247 1026 3326 da
1046 3248 1129 3326 Cro

58 3369 267 3462 tortionem.
328 3358 384 3438 Eo
407 3359 507 3451 bello
533 3358 877 3453 mentiendum,
908 3361 1012 3463 quod
1029 3359 1129 3462 ap'ud

58 3475 211 3556 Livium
241 3472 436 3575 (XXIX,
464 3479 539 3566 18)
568 3473 709 3556 Romae
739 3478 779 3551 in
800 3477 936 3556 Senatu
960 3475 1130 3574 alegatie

57 3589 299 3670 Locrenfium
326 3588 373 3666 de
390 3588 532 3687 templo
551 3585 785 3687 Proserpinae
813 3594 966 3689 eiusque
992 3587 1133 3669 thesaa·
1167 3593 1169 3595 ’

61 3708 111 3783 ris
138 3719 322 3783 narratur:
382 3704 534 3782 Maiores
566 3703 730 3799 quondam
758 3707 878 3804 nostri,
913 3706 1014 3798 graui
1049 3700 1132 3777 Cro.

61 3823 249 3922 tonienstum
276 3815 380 3905 bello,
409 3821 487 3913 quin
517 3828 612 3892 extra
630 3814 739 3892 vrbem
765 3820 918 3916 tempium
935 3819 995 3916 est,
1024 3825 1133 3892 tranr-

57 3936 148 4036 sem
175 3930 338 4012 inurbane
360 3958 429 4008 eum
454 3930 821 4028 pecuniamtutamet.
882 3926 996 4007 Noetu
1017 3927 1136 4005 eredita
1169 3932 1172 3938 ’

63 4077 112 4126 tx·
129 4048 265 4124 deltano
292 4072 362 4120 vox
391 4048 454 4146 est:
481 4041 677 4145 abstinerent*
698 4068 830 4130 narnus,
861 4042 953 4117 deam
977 4042 1044 4143 suo
1058 4054 1136 4115 tem·

61 4163 123 4264 plo
148 4161 365 4265 defensuram.
430 4156 519 4262 Quin
546 4156 696 4231 monendi
724 4157 797 4232 inde
823 4152 989 4258 tirrsauros
1015 4148 1136 4255 inruffo

63 4288 134 4365 erat
161 4278 300 4372 religio,
331 4299 437 4382 muro·
455 4269 652 4349 circumdare
678 4268 830 4372 ternplum
846 4266 1029 4348 voluerunt.
1075 4262 1140 4343 Aa

578 4380 673 4482 D4
757 4460 759 4464 ,
823 4378 843 4423 7
934 4379 1139 4480 aliquantum
