2544 4956
154 670 229 741 166
546 625 830 704 ·“““““---“““

150 839 259 915 citate
278 826 347 938 r);
383 811 542 937 etliipse
568 831 777 915 Aristoteles
802 822 1022 937 prenuntiat
1057 835 1219 916 Charon·

149 953 217 1028 dae
237 950 338 1050 leges
365 953 487 1028 minus
504 951 700 1049 asperitatis
718 949 851 1026 habere
868 956 924 1042 s).
986 948 1143 1042 Quibus
1164 954 1219 1030 ad·

149 1065 316 1141 dendum
344 1067 482 1142 merito·
511 1064 561 1140 est
595 1062 688 1151 hoc,
732 1063 837 1165 quod
870 1065 967 1142 idem
1001 1061 1215 1143 Charondae
1257 1078 1272 1105 ¹

150 1176 278 1277 legum
305 1177 539 1279 prooemium
563 1178 661 1280 apud
678 1175 878 1256 Stobaeum
899 1175 1042 1258 Dorica
1066 1180 1215 1260 dialetlo

149 1289 354 1390 exprellum
383 1293 457 1380 est,
508 1314 592 1368 cum
624 1288 806 1380 Thurios,
862 1295 970 1370 etiam
1004 1289 1215 1383 Catanaeos,
1264 1279 1272 1306 ⁴

149 1403 270 1483 Attica
300 1406 379 1483 vsos
402 1403 474 1484 elle
500 1402 637 1485 necelle
669 1404 711 1481 sit
735 1400 789 1502 t).
849 1405 967 1500 Quod
992 1409 1032 1482 in
1061 1407 1215 1487 Zaleuci

139 1523 346 1624 prooemio
363 1536 492 1598 contra
508 1517 640 1598 fartum
656 1516 725 1597 elle
742 1519 1049 1618 deprehenditur;
1075 1522 1218 1622 vulgari
1243 1516 1248 1601 s

151 1636 253 1713 enim
287 1634 380 1712 illud
415 1647 452 1709 et
487 1634 679 1712 communi
703 1631 870 1711 sermone
899 1633 1124 1733 descriptum
1158 1634 1214 1726 est,

149 1771 237 1827 cum
251 1745 394 1829 Locros
409 1762 534 1828 tamen
552 1744 693 1828 Dorice
711 1745 891 1852 loquutus
914 1744 984 1831 elie
1003 1751 1147 1827 constet
1166 1749 1213 1846 u).
1270 1753 1272 1785 2

262 1965 410 2043 Scilicet
430 1970 503 2044 iarn
527 1965 601 2043 alio
617 1963 704 2043 loco
721 1967 760 2042 in
777 1965 884 2048 sunili
901 1964 1149 2068 disputatione
1173 1969 1216 2045 de

32 2064 35 2070 ¹
148 2078 302 2160 Zaleuci
325 2078 472 2178 legibus
502 2079 805 2180 significauinius‚
844 2103 929 2170 eos,
973 2083 1037 2180 qui
1063 2081 1217 2162 Zaleuci

146 2193 209 2268 vel
229 2190 447 2270 Charondae
472 2193 599 2293 legum
624 2193 698 2292 ipsa
716 2196 825 2275 verba
849 2193 986 2273 seruata
1006 2192 1075 2273 elle
1099 2198 1216 2273 existi-

147 2308 278 2395 ment,
310 2330 441 2407 parurn
457 2306 581 2384 subtili
597 2307 736 2385 iudicio
762 2309 814 2385 vti
833 2307 969 2398 videri,
1009 2332 1095 2385 cunr
1124 2308 1216 2387 diiii.

147 2419 247 2498 milis
265 2419 412 2521 prorsus
438 2434 476 2499 et
490 2421 691 2500 abhorrens
715 2422 760 2496 ab
789 2444 920 2504 eorunr
937 2437 1053 2500 aetate
1076 2422 1120 2505 sit
1138 2447 1217 2500 ora.

147 2535 212 2612 tio.
290 2531 374 2614 Nec
403 2548 526 2613 tamen
558 2534 697 2611 iudicio
725 2534 853 2634 paullo
878 2539 1017 2615 acriore
1042 2540 1093 2612 vti
1119 2538 1215 2615 dice.
1264 2571 1265 2597 r

148 2673 232 2726 mus
251 2673 334 2738 eos,
365 2652 430 2748 qui
459 2648 548 2726 hinc
577 2649 695 2725 statim
719 2649 852 2725 inferre
877 2648 1031 2735 volunt,
1063 2649 1133 2730 elle
1159 2677 1215 2729 eas

148 2761 251 2862 leges
278 2765 435 2840 omnino
462 2765 752 2853 commentitias,
799 2776 837 2841 et
862 2762 1037 2866 sophistae
1062 2765 1215 2843 alicuius
1252 2845 1272 2861 p

1104 2876 1217 2970 Attici
1243 2920 1246 2924 Δ

158 3049 159 3053 ¹
193 3067 237 3152 r)
265 3065 342 3130 Nam
361 3065 439 3132 iliud
463 3066 517 3130 vix
537 3065 685 3137 inaciean
709 3066 837 3146 produci
860 3066 961 3147 potest
985 3082 1217 3148 argumentum.

265 3151 367 3232 quod,
400 3171 470 3214 curn
493 3150 672 3219 Charondae
696 3151 781 3230 leges
803 3150 878 3213 olim
902 3150 1036 3215 Athenis
1058 3154 1091 3214 in
1110 3155 1219 3216 conui-

264 3232 323 3294 uiis
347 3234 526 3296 decantatae
546 3254 594 3312 ap.
619 3235 734 3298 Athen.
752 3233 837 3301 XlV.
860 3239 973 3316 μύω.
1003 3255 1041 3296 er
1056 3235 1219 3319 Hermippl

163 3344 168 3350 ·
263 3313 320 3379 lib.
336 3315 391 3380 Vl.
413 3316 479 3399 arapl
497 3316 667 3391 νομοθετῶν
687 3330 863 3384 narrentur.
885 3338 921 3380 ea
938 3337 1017 3398 quae
1030 3330 1147 3385 extant.
1174 3333 1218 3384 ta·

265 3397 307 3460 lia
328 3398 415 3472 sunt,
446 3409 480 3462 vt
504 3401 540 3461 ad
571 3413 697 3464 cantum
727 3399 806 3465 fasta
828 3402 878 3464 aia
900 3402 1075 3467 videantur.
1138 3402 1218 3468 Nam

263 3479 432 3544 sententias
454 3483 526 3545 iude
554 3484 585 3544 in
608 3482 710 3548 Scolia
732 3482 870 3551 redadlas
887 3484 955 3548 cani
978 3483 1081 3546 solitas
1106 3489 1218 3568 proba-

263 3562 327 3628 bile
344 3563 439 3628 visurn
459 3566 521 3631 iarn
542 3565 599 3650 ipl'r
622 3568 761 3631 Bentleio
782 3577 815 3630 et
839 3567 976 3631 Fabricio
998 3567 1036 3631 B.
1054 3568 1110 3634 Gr.
1132 3569 1173 3634 Τ.
1192 3570 1217 3636 Ι.

263 3664 295 3791 p.
307 3664 378 3728 537.
407 3647 462 3711 etii
487 3668 551 3713 non
580 3651 781 3753 improbabile
807 3649 843 3713 fit
872 3670 927 3733 pro
946 3649 1053 3749 ⁸pidauro
1073 3649 1219 3736 Ἀθήνῃσι

208 3874 212 3879 ,
264 3731 1220 3905 stillulislitisahltr‘thl‘lillhtt

263 3896 357 3961 facila
375 3898 444 3966 cani
468 3910 608 3983 potuere.
1204 3918 1205 3921 ’

73 3978 78 3993 ¹
189 4008 233 4088 a)
259 4031 290 4076 v.
314 4010 380 4094 sup.
404 4022 470 4077 nor.
492 4012 542 4092 i).

193 4124 230 4202 i)
251 4119 412 4202 Proprium
429 4122 609 4189 Charondae
632 4121 819 4186 vocabulum
838 4143 876 4185 ex
893 4121 985 4188 Arist.
1008 4121 1047 4187 de
1059 4122 1138 4208 Rep.
1153 4124 1221 4196 Μ.

263 4211 413 4267 notarunt
429 4205 498 4274 VV.
517 4207 586 4272 DD.
608 4206 799 4281 ὁμοσιπύους,
828 4209 978 4277 communi
993 4207 1101 4290 orado.
1122 4229 1224 4295 panu-

263 4289 312 4354 rio
330 4297 458 4363 utentes,
485 4291 524 4352 de
544 4291 689 4354 societate
711 4290 884 4355 domestica.
928 4290 1131 4372 Epimenides
1149 4295 1224 4361 Cre·

261 4371 356 4439 tentis
377 4369 565 4450 ὀμοκοίῐνους
584 4375 713 4453 dixerat,
734 4370 897 4451 conmuni
918 4373 993 4449 douo
1013 4383 1150 4456 rnatu.

184 4481 233 4568 a)
253 4482 331 4556 usa
352 4501 471 4573 usto
487 4499 561 4567 aas·
