710 1313
254 211 398 222 ’'——‘
565 222 593 243 ³5

110 257 188 278 Scilicet
202 260 221 277 et
235 257 268 277 has
279 257 331 282 leges
343 258 363 277 in
375 258 449 277 ciuitate
460 258 484 278 ad
497 259 594 284 popularis

56 287 128 312 imperii
140 287 240 306 somulam
252 286 341 311 descripta
353 286 429 306 iancitas
440 286 475 306 effe
489 288 593 308 tenendum

55 316 91 339 est3
118 315 180 340 qualis
192 315 265 337 ciuitas,
281 316 307 334 vti
321 321 396 334 morum
408 315 498 334 fluiditate
511 322 533 335 ac
542 317 593 336 casti-

59 344 119 363 monia
133 343 277 369 disciplinaeque
289 343 384 362 seueritate
398 344 427 363 vel
439 345 519 363 maxime
531 346 592 364 conti.

61 377 119 394 netur,
147 373 173 391 ita
187 372 268 397 legibus
276 367 389 395 sumtuariis,
418 373 477 397 iisque
490 374 592 393 accuratius

52 401 170 432 perscriptis,
185 406 246 420 carere
256 406 294 420 non
309 400 373 425 potest.
403 399 440 420 Etfi
451 404 512 420 autem
524 402 590 427 inipso

52 424 119 454 -legum
128 430 193 448 harum
205 433 314 454 argumento
329 429 421 448 nonnulla
433 429 479 452 fint,
500 435 548 454 quae
563 436 591 450 re-

52 458 146 483 prehendi
155 457 206 483 poss'e
215 463 254 477 non
265 464 363 482 negemus
378 458 398 477 in
407 464 430 477 eo
440 461 501 477 tamen
509 458 591 478 hominis

52 491 134 506 :acumen
145 486 200 505 facile
211 486 307 511 agnoscas,
321 486 374 512 quod
385 486 462 506 honoris
473 490 492 506 et
504 486 591 506 infamiae

52 512 55 529 ἶ
69 514 109 534 sensu
120 515 170 540 apud
186 515 255 534 ciuium
268 515 343 534 suorum
356 516 439 537 animos,
453 515 475 534 ad
489 516 592 540 reprimen-

52 535 101 571 {dzm
116 543 212 562 libidinem
229 547 247 562 et
261 543 365 565 luxuriem,
387 544 441 563 vniee
455 543 487 563 fibi
500 544 591 563 vtendum

52 565 95 591 effe
101 572 149 591 vidit.
179 571 250 591 Frustra
260 573 309 591 enim
319 572 370 597 leges
380 572 490 595 scribuntur,
505 572 592 592 multlao-

52 609 53 613 =
68 606 97 625 que
110 604 128 619 et
149 606 221 626 poenae
235 604 379 625 proponuntur,
408 600 422 620 fi
437 601 494 620 modo
508 601 591 626 proponi

66 628 139 654 poliunt,
154 630 174 648 in
182 633 224 651 eos,
238 630 271 654 qui
282 630 302 648 in
311 635 390 654 corpora
403 629 433 648 sua
442 633 460 648 et
469 630 519 649 bona
531 630 591 648 autin

66 657 101 677 suos
110 658 196 683 suamque
212 658 334 683 posteritatem
345 658 433 682 flagitiose
444 658 531 677 saeuiunt
561 658 590 678 Ab

65 686 194 706 existimationis
209 687 269 706 bonae
286 686 382 711 malaeque
395 690 414 705 et
427 686 487 706 famae
503 686 554 706 sensu
568 692 590 706 ac

63 715 125 737 studio,
147 715 184 740 ipsa
203 714 299 740 disciplina
314 715 388 740 publica
401 716 509 740 priuataque
524 715 589 737 animis

62 745 125 763 ciuium
136 743 214 766 inieflo,
232 743 359 768 quodcunque
372 743 403 762 hic
415 743 440 762 est
450 743 548 769 praesentis
563 749 592 763 re-

60 772 117 794 medii,
126 772 227 797 petendum
235 772 265 791 est.
294 772 366 796 Magno
374 771 430 796 igitur
439 775 523 797 tempora
529 772 591 791 nostra

59 800 145 826 praesidio
156 800 179 820 ad
194 800 261 819 redium
277 799 390 825 disciplinam
403 804 475 823 carent,
504 801 590 825 quando-

58 830 131 855 quidem
143 829 232 851 dedecus,
247 829 336 854 probrum
344 834 365 847 ae
371 829 479 854 turpitudo,
495 835 505 848 a
513 829 589 853 flagitio,

57 858 133 877 libidine
144 863 165 877 ac
175 857 251 880 scelere,
272 857 294 876 ad
306 861 442 882 paupertatem,
460 858 487 877 rei
496 857 590 877 familiaris

56 885 146 911 angustias
162 889 180 905 et
198 887 271 911 generis
286 886 422 909 humilitatem,
440 887 540 911 migrauit;
569 887 590 905 in

54 919 151 935 contemtu
165 914 237 933 haberis
251 918 326 939 propter
338 914 377 933 loci
387 918 405 933 et
414 915 499 934 fortuna'e
512 915 591 933 tenuita-

54 947 90 963 tem
106 945 126 963 in
141 943 236 968 erogando
244 943 305 962 sumtu
314 943 337 962 ad
345 947 442 962 externum
452 944 499 962 vitae
508 943 590 966 cultu1u;

54 977 119 992 contra
131 971 238 991 auc'loritate
251 971 305 990 flores
317 972 372 990 etiam
384 978 427 990 cum
437 972 494 991 animi
505 971 589 990 sordibus

53 1005 71 1020 et
80 1002 130 1020 inter
140 1001 187 1019 vitae
194 1000 268 1025 flagina.
276 1000 334 1019 modo
344 1006 411 1024 genere
421 1004 439 1019 et
447 1000 515 1025 opibus
523 999 589 1018 valeas.

110 1029 139 1048 Ad
148 1028 254 1053 disciplinae
267 1028 381 1048 seuerltatem
392 1032 411 1047 et
419 1028 540 1047 austeritatem
550 1033 591 1052 per-

53 1059 101 1077 tinet
115 1062 134 1077 et
147 1057 179 1076 illa
187 1056 265 1077 Zaleuci
276 1057 316 1079 lex.
329 1063 366 1082 qua
376 1057 483 1076 ebrietatem
493 1062 504 1076 e
515 1057 590 1076 ciuitate

52 1087 82 1106 sua
97 1086 211 1112 proscribere
224 1085 302 1105 voluisse
315 1085 393 1105 videtur.
430 1084 479 1104 Cum
496 1085 546 1104 enim
560 1084 592 1103 alii

53 1115 187 1140 legumlatores
205 1114 287 1133 facinora
309 1117 383 1133 tantum
400 1120 410 1133 e
425 1113 533 1133 temulentia
550 1116 592 1131 orta

54 1144 142 1168 puniant:
158 1142 195 1168 ipsc
207 1142 398 1190 facinorumccauisam
408 1142 513 1167 praecidere
522 1141 594 1187 voluitsj

342 1178 353 1190 2
574 1174 595 1187 ,ι
