2542 5010
168 855 258 942 tiae,
287 852 390 954 quod
415 849 607 952 peslrmum
633 848 908 948 tranquillitatis
936 851 1112 954 publicae
1135 877 1237 954 prae·

167 966 297 1045 fidium
321 968 389 1057 est,
425 969 517 1041 ratio
538 965 721 1040 habeatur.
780 962 883 1042 Falso
910 970 1011 1043 enim
1030 982 1163 1046 natura
1181 994 1234 1047 ac·

168 1082 327 1170 cusator,
354 1078 453 1181 quasr
474 1080 654 1179 quaedam
677 1081 826 1177 ingenia
845 1098 917 1159 tam
933 1081 1071 1158 ferocia
1097 1106 1140 1158 ac
1161 1085 1233 1160 bel·

162 1191 267 1271 luina
286 1193 444 1283 finxerit,
469 1211 508 1268 vt
525 1193 589 1268 nisl
602 1183 808 1270 belluarum
824 1218 927 1270 more
943 1198 1021 1294 regi
1034 1216 1227 1296 nequeant

166 1307 277 1386 Suam
298 1309 604 1385 inhumanitatem
620 1308 807 1395 accusent,
838 1311 904 1408 qui
925 1310 984 1384 cul
989 1333 1036 1408 pa
1052 1309 1115 1388 sua
1132 1335 1229 1388 com·

164 1423 358 1511 miserunt,
427 1437 468 1497 vt
500 1421 563 1497 illa
600 1423 753 1519 ingenia
785 1421 889 1498 sortis
920 1423 1002 1499 suae
1032 1425 1168 1501 duritie
1194 1442 1228 1504 et

163 1539 389 1614 immanitate
408 1535 655 1612 elimarentur.
715 1536 882 1625 Scilicet,
914 1536 1018 1638 quod
1034 1540 1158 1622 nostra
1171 1543 1225 1617 vel

162 1650 350 1751 asperitate
382 1650 441 1726 vel
464 1649 629 1728 socordia
658 1649 777 1726 miseri
808 1649 910 1741 sunt,
959 1651 1032 1728 hoc
1068 1655 1107 1727 in
1135 1654 1226 1754 ipsos

162 1789 282 1866 poena
310 1764 574 1842 vindicandum
601 1763 843 1840 arbitramur?
899 1764 970 1843 Sed
992 1765 1038 1843 de
1065 1766 1124 1843 his
1148 1770 1226 1846 satis

162 1905 182 1954 a
199 1883 283 1956 viris
301 1878 522 1978 sapientibus
538 1902 580 1955 ac
594 1878 708 1954 dotlis
728 1893 764 1954 et
780 1878 882 1978 saepe
900 1880 1018 1957 aslum
1038 1881 1098 1957 ell.
1147 1881 1226 1960 Nos

161 1993 206 2069 ad
222 1994 330 2070 aliam
356 1995 449 2069 inter
468 1990 631 2070 Thurios
654 1994 699 2068 ab
727 1995 934 2091 ignominia
960 1993 1106 2072 dustam
1137 2020 1226 2099 poe·

159 2131 245 2183 nam
269 2107 537 2207 progredimur.

271 2332 451 2411 Adulterii
474 2359 595 2448 poena
624 2337 720 2412 inter
747 2333 908 2414 Thurios
930 2337 1128 2416 constituta
1157 2338 1224 2415 fuit

156 2445 264 2536 haec,
295 2461 333 2524 vt
357 2449 517 2526 moechum
540 2450 704 2551 ladificurl
721 2451 898 2551 juratisque
914 2479 954 2528 nc
973 2454 1135 2527 dicacibus
1151 2481 1223 2529 con·

155 2565 245 2638 vr'cr'is
267 2567 436 2660 exagitare
464 2560 566 2666 poffirt
589 2567 706 2662 quiuis.
780 2563 890 2658 Quae
920 2566 1072 2664 quidem
1102 2589 1222 2668 poena

156 2699 202 2752 an
225 2678 320 2754 inter
342 2701 410 2754 nos
433 2679 478 2754 ab
496 2678 664 2754 adulterii
691 2678 831 2778 flagitio
853 2679 993 2756 multos
1014 2678 1056 2755 srt
1073 2704 1223 2758 reuoca·

151 2804 257 2881 tura,
285 2790 431 2869 forsitan
460 2793 624 2882 dubites,
649 2793 770 2870 multo
787 2798 903 2893 magis
920 2816 967 2870 ex
984 2817 1062 2893 quo
1080 2792 1222 2873 Gallica

156 2905 336 3005 elegantia
355 2906 628 2983 Germanorum
653 2931 774 2984 mores
797 2909 890 2985 adeo
915 2908 1064 2999 infecit,
1104 2925 1145 2985 vt
1170 2924 1222 2986 et·

153 3025 227 3098 iarn
249 3020 385 3098 honori
411 3020 475 3098 fibi
502 3021 632 3108 aliquis
666 3021 793 3110 ducat,
835 3022 1054 3122 flagitiosum
1091 3036 1127 3099 et
1152 3023 1220 3113 elle

152 3148 191 3209 et
223 3133 358 3212 haberi.
425 3134 497 3212 Sed
518 3136 877 3234 pudoremomnem
901 3142 973 3212 iam
1004 3136 1145 3214 dudum
1175 3161 1220 3215 eo

151 3269 267 3347 usque
292 3252 533 3334 eiurauinrus,
564 3263 604 3324 vt
618 3253 657 3325 in
679 3249 750 3350 ipsa
778 3274 851 3348 rep.
872 3251 1063 3340 litteraria,
1090 3254 1220 3353 inqua

150 3356 330 3438 Honestas
353 3379 391 3438 et
419 3359 521 3440 Bona
539 3362 650 3464 Mens
677 3366 924 3463 magistratum
957 3389 1085 3464 gerere
1107 3367 1220 3443 debe-

149 3475 249 3562 bant,
277 3477 481 3552 verendum
500 3474 552 3564 stt,
576 3502 634 3566 ne,
655 3482 870 3578 quicunque
886 3503 1044 3576 regnum
1061 3478 1215 3571 affectet,

149 3603 214 3664 aut
234 3588 359 3666 saltem
382 3590 508 3690 aliquo
538 3591 625 3668 loeo
649 3590 717 3668 elle
742 3594 849 3683 velit,
893 3593 932 3669 id
951 3592 986 3668 se
1013 3596 1217 3692 inquinatis

147 3705 327 3793 moribus,
356 3704 529 3804 flagitiosa
549 3706 706 3782 aliorum
723 3707 954 3784 inietlatioue
971 3723 1008 3783 et
1025 3708 1216 3807 perfritlae

147 3817 279 3917 srontis
318 3820 545 3918 impudentia
586 3821 693 3896 facile
735 3821 909 3921 consequi
947 3820 1047 3921 polle
1094 3836 1211 3921 putet

146 3926 348 4008 Enimuero
373 3938 499 4032 quaeri
525 3935 643 4033 potest
667 3958 744 4010 non
769 3940 889 4011 minus
914 3959 955 4011 ac
983 3935 1141 4012 dubitari
1167 3936 1214 4013 de

145 4058 227 4121 toto
252 4044 325 4122 hoc
346 4070 481 4145 genere
506 4071 648 4148 poenae
671 4049 811 4138 ciuilis,
854 4048 958 4149 quod
982 4051 1215 4149 petitumest

120 4158 418 4237 attentatione
441 4175 478 4238 et
494 4161 667 4253 irrisione,
692 4162 821 4238 satisne
842 4187 955 4263 graue
978 4163 1072 4240 illud
1098 4162 1141 4240 fit
1174 4178 1214 4242 et

144 4273 271 4373 legum
300 4273 503 4352 aucloritati
536 4274 846 4353 consentaneum?
887 4276 989 4378 quod
1023 4280 1213 4355 tamenin

145 4410 186 4465 ea
207 4389 353 4466 ciuitate
376 4394 499 4467 minus
524 4392 564 4467 in
588 4388 908 4492 reprehenfionem
929 4393 1053 4470 venire
1078 4392 1210 4492 potest,

1168 4531 1210 4584 ιιι
