2544 4956
453 102 747 167 ‘a
1068 125 1142 215 ¹67
1177 159 1182 164 .

40 275 178 356 Attici
206 280 258 354 vear
290 278 423 356 seriore
454 301 548 356 aeuo
580 278 756 359 fraudem.
824 279 1012 361 Nolumus
1040 309 1143 362 nunc

46 417 379 483 commemorare,
423 416 482 470 eas
514 393 614 491 leges
639 397 712 471 iam
746 408 829 471 ante
854 393 1016 474 Diodori
1044 415 1141 495 aeta·

50 522 139 584 tem
169 505 347 596 extitisse,
389 533 474 583 nam
496 508 569 607 ipse
595 507 744 586 aliunde
763 512 928 609 repetiit,
967 506 1141 589 Ciceroni

52 622 105 697 de
135 618 215 698 LL.
245 620 300 711 ll,
328 628 361 701 6.
401 622 525 709 ledas,
562 623 608 697 ab
641 625 849 725 antiquiore
875 639 982 723 poeta
1014 628 1140 726 (apud

57 732 230 814 Diodor.
257 733 357 824 Xll,
389 728 479 836 14.)
519 738 680 813 carmine
706 735 885 836 expressas
912 735 1000 836 esse3
1045 764 1140 840 quae

61 850 391 927 omniamultum
428 849 651 927 antecedunt
686 875 727 927 ea
764 866 956 950 tempora,
1002 857 1139 956 quibus

2 1040 12 1071 ,ι
62 964 307 1062 sophistarum
337 965 435 1040 sraus
461 961 611 1063 grassata
640 966 698 1041 cst.
774 964 844 1041 Sed
881 966 994 1066 ipsam
1031 993 1139 1067 argu·

2 1071 12 1163 ΤΞ
62 1083 334 1155 mentationem
355 1082 437 1178 quis
456 1103 532 1153 non
555 1078 675 1154 leuem
693 1093 730 1154 et
745 1082 890 1155 inanem
909 1079 976 1157 ell'e
994 1082 1138 1159 videat?

2 1174 22 1300 ξ
66 1193 174 1286 Quid
201 1189 326 1269 enims
373 1192 531 1268 siverba
555 1195 706 1292 antiqua
742 1189 975 1294 priscumque
1009 1195 1138 1294 legum

66 1330 216 1383 carmen
234 1307 368 1382 inuidit
384 1320 500 1395 aetas,
537 1331 584 1382 an
612 1308 787 1382 sententia
810 1323 846 1382 et
875 1332 978 1385 mens
1010 1309 1138 1407 legum

65 1421 142 1496 aliis
163 1422 284 1497 verbis
308 1421 436 1497 diserte
459 1436 495 1495 et
518 1420 613 1497 clare
633 1446 674 1497 ae
699 1420 887 1521 perspicue
909 1422 1079 1522 perscribi
1102 1439 1139 1501 et

16 1550 19 1571 ³
68 1537 215 1612 retineri
234 1537 356 1611 minus
386 1535 532 1635 potuit?
572 1536 695 1627 Qiam
713 1537 828 1611 multa
849 1560 896 1612 ex
919 1539 1136 1638 antiquitate

25 1661 27 1665 ’
67 1649 172 1738 lunt,
212 1649 367 1750 quibus,
407 1649 511 1749 quod
533 1673 611 1724 non
637 1652 708 1724 suis
728 1650 846 1725 verbis
873 1650 982 1726 nobis
1004 1653 1137 1729 tradita

0 1836 7 1845 .
64 1762 167 1853 sunt,
214 1762 326 1840 fidem
349 1786 460 1844 nemo
487 1761 592 1839 facile
618 1762 878 1840 detrahendam
907 1769 1138 1863 pronuntiet,

66 1877 159 1954 dum
177 1874 370 1954 sententias
387 1876 533 1953 teneat?
592 1877 663 1954 Sed
688 1877 863 1962 nolumus
890 1901 991 1955 nunc
1019 1879 1139 1979 perse·v

65 1995 129 2090 qui
152 1991 281 2070 eadem
306 2005 541 2091 argumenta,
572 2014 667 2094 quae
693 1994 731 2066 in
753 1991 964 2090 quaestione
993 1992 1038 2070 de
1064 1993 1137 2072 Za·

64 2104 163 2180 leuci
180 2106 325 2206 legibus
344 2105 600 2206 exposuimus,
632 2121 668 2181 et
682 2119 758 2181 tota
774 2106 865 2181 haec
892 2129 1016 2183 rerum
1043 2111 1136 2183 ratio

62 2219 186 2297 multo
214 2223 330 2320 magis
348 2223 504 2319 patebit,
539 2218 584 2311 fi,
614 2242 707 2319 quac
727 2221 875 2295 fortuna
897 2220 986 2296 haec
1008 2204 1136 2320 legum

10 2320 11 2326 Ν
61 2333 270 2435 fragmenta
298 2333 357 2412 vel
383 2334 530 2433 vestigia
554 2332 771 2423 seruauerit,
798 2331 1006 2410 uiderimus.

1 2629 3 2647 ,
181 2552 348 2632 Fuerunt
369 2557 469 2632 enim
486 2556 581 2631 inter
600 2567 760 2643 veteres,
787 2554 857 2653 qui
881 2549 1012 2653 priscas
1033 2546 1133 2647 leges
1167 2588 1171 2596 ·

1 2680 3 2704 ¹
66 2669 292 2770 colligerent
316 2686 352 2745 et
378 2669 615 2757 illustrarent,
660 2672 793 2768 partim
823 2670 861 2744 in
888 2667 991 2743 libris
1013 2661 1136 2760 singu-

66 2786 227 2872 laribus,
266 2779 346 2876 περὶ
372 2781 481 2873 νόμων
504 2780 563 2858 vel
586 2782 804 2872 νομοθετῶν,
834 2795 873 2855 vt
895 2778 1135 2878 Hermippus,

65 2895 283 2977 Heraclides
311 2892 508 2986 Ponticus,
545 2893 839 2994 Theophrastus,
873 2893 1013 2982 etalii,
1053 2916 1136 2996 par-

68 3016 138 3088 tim
161 3014 200 3086 in
221 3011 324 3086 libris
338 3007 420 3106 περὶ
442 3009 645 3095 πολιτειῶν,
676 3024 715 3084 vt
731 3009 905 3085 nonnulli
934 3030 981 3082 ex
1003 3009 1135 3082 iisdem

67 3125 173 3226 ipsis,
210 3145 305 3224 quos
335 3120 582 3210 laudauimus,
613 3137 650 3197 et
667 3121 876 3200 Aristoteles
895 3125 933 3196 in
958 3120 1062 3197 libris
1090 3120 1136 3196 de

64 3262 143 3340 rep.
165 3260 328 3341 quorum
346 3235 410 3312 suo
427 3237 584 3334 quisque
599 3260 703 3312 more
719 3262 760 3314 ac
776 3237 930 3314 consilio
946 3231 993 3336 x)
1008 3235 1137 3332 legum

67 3354 182 3429 verba
227 3348 386 3428 recitasse
418 3348 622 3427 credendus
657 3350 716 3427 eli.
762 3374 769 3391 ¹
800 3349 951 3443 Quanta
983 3347 1041 3423 vel
1076 3347 1135 3436 lrc,

67 3464 219 3545 diuersis
244 3464 439 3542 hominum
462 3464 607 3552 studiis,
654 3467 693 3540 in
721 3464 951 3566 exponendis
981 3459 1137 3560 legibus,

66 3576 454 3658 orationis-diuersitas
480 3575 548 3653 esle
579 3578 727 3670 delinit,
770 3578 1028 3676 multomagis
1053 3599 1137 3650 cum

65 3695 232 3773 eitrsdem
263 3690 518 3792 legumlatoris
545 3692 647 3791 leges
675 3718 694 3768 a
728 3692 896 3795 pluribus
929 3692 1138 3768 ciuitatibus

602 3803 688 3906 L4
976 3818 1138 3902 receptas

104 3943 152 4023 x)
184 3961 212 4007 v.
233 3936 440 4006 Prolos.XV.
