2550 4852
144 774 219 844 tate
234 772 472 861 temperatam
489 756 591 837 inille
612 761 693 844 satis
718 762 878 840 constat:
907 765 970 840 vel
996 768 1106 867 exiis
1125 791 1202 867 qnae

145 876 192 954 de
215 878 397 970 tyrannis,
427 878 491 975 qui
510 873 611 951 illam
627 875 853 964 sustulerant,
877 896 1151 959 memorantur:
1175 906 1199 957 v.
1235 886 1238 959 ζ

144 986 299 1084 Dionys.
320 987 437 1071 Halic.
458 986 543 1077 Vll,
568 1013 600 1082 3.
624 1011 656 1080 5.
675 1004 712 1065 et
724 990 792 1083 pal.
833 988 949 1091 Capta
966 997 1054 1071 vrbs
1070 1020 1090 1070 a
1108 993 1201 1071 Cam·

143 1107 249 1202 panis
266 1101 311 1179 V.
333 1100 374 1179 C.
398 1127 485 1205 334.
518 1116 602 1178 ante
619 1099 660 1178 C.
675 1101 723 1179 N.
742 1130 836 1204 420.
876 1103 975 1188 Cum
991 1111 1129 1206 quibus
1148 1108 1200 1183 illa

142 1240 210 1320 per
236 1216 465 1300 deditionem
488 1219 527 1290 in
546 1214 801 1294 Romanorum
829 1218 940 1296 fidem
967 1225 1072 1297 venit
1106 1221 1149 1297 V.
1165 1218 1199 1300 C.

144 1356 239 1427 409.
285 1347 369 1413 ante
400 1328 440 1406 C.
471 1329 519 1413 N.
549 1354 641 1428 345.
722 1330 820 1409 Data
862 1330 1040 1415 Cumanis
1073 1338 1199 1420 ciuitas,

141 1449 264 1544 prinro
282 1458 405 1521 tamen
426 1443 499 1520 fine
515 1443 703 1543 suffragio:
720 1443 818 1523 VC.
834 1453 927 1544 416.
959 1462 1047 1525 ante
1063 1447 1103 1525 C.
1120 1474 1136 1544 3
1147 1463 1198 1542 33.

141 1555 222 1636 Liv.
234 1557 338 1637 VIII.
365 1583 420 1651 13.
450 1558 531 1636 fadi
548 1581 638 1635 mox
657 1562 863 1658 municipes
878 1555 978 1644 V.C.
1002 1586 1094 1658 539.
1128 1577 1199 1637 ante

143 1677 184 1751 C.
206 1700 254 1749 21
269 1698 298 1754 s.
329 1669 408 1748 Liv.
418 1669 570 1761 XXIII,
592 1697 653 1766 31.
712 1672 958 1750 Memorabile
976 1676 1026 1751 est
1044 1677 1145 1775 quod
1160 1675 1199 1751 ad

141 1812 198 1866 an.
211 1785 257 1865 V.
269 1784 310 1864 C.
328 1809 416 1886 574.
434 1809 463 1860 a.
476 1782 516 1860 C.
536 1801 623 1872 180.
641 1804 886 1866 memoratum
897 1812 951 1888 ap.
962 1785 1198 1887 Liv.XL‚42.

147 1901 300 1978 Comanis
315 1929 351 1977 co
366 1927 454 1977 anno
469 1901 651 1999 petentibus
660 1899 864 2003 permiffitm,
894 1913 933 1976 vt
944 1901 1076 2002 publice
1092 1904 1201 1981 Latine
1253 1911 1254 1953 l

139 2016 346 2115 loquerentur
360 2027 391 2090 et
404 2011 621 2113 praeconibus
630 2015 751 2091 Latine
765 2017 921 2093 verrdcttdi
937 2020 987 2092 ius
1000 2015 1083 2120 effet.
1134 2016 1200 2094 Lu·

140 2153 222 2211 cern
251 2143 420 2210 mutuam
442 2128 504 2207 dat
530 2144 567 2204 et
583 2131 715 2228 accipit
729 2127 861 2227 Vellej.
883 2128 921 2219 l,
942 2157 978 2229 4.
1046 2132 1200 2210 Cumano

145 2247 232 2348 Osca
242 2248 382 2321 mutauit
398 2242 661 2320 viciniascilicet
674 2246 755 2320 iam‘
767 2257 871 2320 antea
881 2242 1089 2322 sermonem
1098 2246 1202 2324 Grae·

139 2383 227 2443 cunr
251 2383 336 2435 curn
353 2359 507 2437 barbaro
535 2371 847 2451 commutauerat3
894 2382 997 2436 nunc
1013 2363 1053 2435 in
1074 2359 1203 2439 Roma.

139 2497 231 2556 num
248 2474 346 2550 abiit.
406 2469 573 2549 Tandem
593 2472 640 2549 ab
654 2469 820 2571 Augusto
837 2471 985 2553 colonia
1004 2473 1167 2558 dedutta.

252 2643 455 2732 Cumarum
478 2638 627 2731 colonia
657 2637 876 2730 nobiliffinra
910 2647 1098 2749 Neapolis:
1147 2649 1207 2731 ad.

138 2759 262 2862 scripti
284 2784 375 2837 ntox
400 2761 461 2836 alii
480 2758 733 2844 Chalcidenses
750 2762 918 2859 ¹(Strabo
933 2759 979 2843 V.
1006 2787 1042 2867 p.
1058 2787 1148 2867 377.
1164 2764 1203 2842 tl

139 2876 233 2953 adde
264 2875 466 2975 Scynrnunr
502 2899 534 2953 v.
557 2879 690 2969 ιη),
772 2872 929 2952 Diuersa
966 2891 1091 2954 autem
1122 2880 1206 2955 vrbs

139 2991 270 3074 habuit
296 3005 333 3065 et
364 2987 511 3065 diuersis
546 2989 774 3088 temporibus
805 2993 957 3090 repetita
992 2993 1208 3088 primordia¹

141 3103 280 3182 diuersa
306 3127 460 3202 quoque
489 3106 640 3187 nomina
665 3102 888 3202 Parthenopes
914 3118 951 3187 et
978 3104 1208 3204 Palaepoleos.

34 3224 36 3230 ’
136 3218 269 3317 Itaque
286 3220 420 3293 mitum
438 3240 514 3292 non
533 3217 593 3306 est,
611 3216 637 3292 fi
652 3214 941 3294 Phocaeensrbus
956 3232 994 3294 et
1007 3217 1211 3297 lllaffilien-

136 3333 233 3409 fibus
252 3333 413 3428 origines
438 3331 598 3405 vindicat
617 3331 797 3430 Scymnus
825 3333 877 3418 (v.
900 3337 1014 3429 246.)
1048 3347 1086 3408 et
1105 3331 1211 3412 Rho-

138 3448 207 3525 diis
228 3444 433 3544 Stephanus
450 3440 602 3543 Byzant.
662 3444 759 3522 Nam
780 3443 1039 3544 Parthenopen
1063 3446 1209 3533 Rhodii

136 3557 338 3638 condidille
356 3558 568 3642 ferebantur
585 3564 664 3656 qq).
723 3556 926 3658 Palaepolis
951 3560 1081 3637 stolide
1106 3558 1209 3638 solli-

137 3677 255 3753 citatis
285 3671 461 3749 Romanis
497 3671 598 3748 bello
632 3674 744 3772 petita
778 3675 817 3747 io
854 3696 982 3749 eorum
1024 3673 1208 3755 ditionem

135 3791 239 3871 venit
278 3783 324 3867 V.
346 3787 510 3885 0428.
559 3799 643 3863 ante
672 3782 713 3865 C.
739 3793 828 3880 326.
881 3783 961 3863 Liv.
993 3785 1105 3877 Vlll,
1139 3817 1206 3868 22.

135 3900 316 4009 Neapolis
334 3914 468 3990 autent,
487 3903 527 3984 in
546 3923 620 3999 qua
639 3897 818 4000 Campani
836 3903 975 4000 recepti
987 3925 1073 3978 cunr
1091 3900 1209 3981 Grae-

1152 4039 1207 4097 crs

176 4168 1207 4340 a>serendistr·setstestantes

199 4399 201 4404 ,
249 4341 380 4422 Sylloge
395 4340 417 4402 l.
433 4340 502 4403 tab.
519 4356 549 4403 1.
572 4356 668 4401 numo
690 4336 867 4420 Neapoleor
886 4336 1068 4421 inscriptum
1087 4337 1124 4402 fit
1138 4338 1208 4402 Do·

247 4428 312 4489 rice
333 4422 531 4494 Νεοπολιτασ.
