2550 5108
467 338 751 410 m
1069 382 1141 451 ’,Η

69 524 187 606 Nlusrs
208 540 368 616 narrata,
394 530 507 603 ueteris
528 530 618 602 oilae
634 539 665 602 et
689 530 788 604 morit
806 532 942 630 >vestigio
966 533 1143 630 produnt

69 639 214 720 lllunus
230 665 353 717 earum
376 643 616 740 praecipuum
638 641 705 729 est,
747 641 907 741 hymnos
931 647 970 720 in
996 645 1146 732 laudem

68 752 178 855 Jouis
203 758 312 855 patris
342 778 488 830 canere:
530 768 604 830 erat
632 757 729 830 enim
758 756 831 833 hoc
856 760 953 834 inter
974 751 1159 859 antiquis

68 869 157 945 sima
188 871 391 946 carminum
422 880 646 967 argumenta.
736 866 896 947 Cantent
924 873 1072 950 eaedem
1107 889 1144 949 et

68 982 222 1060 choreas
242 997 433 1075 exercent,;
452 986 511 1071 (vt
527 980 757 1060 inHelicone
774 981 975 1084 Theogon.
986 1013 1022 1083 4.
1039 988 1143 1087 7sq.)

67 1111 192 1174 vetere
212 1121 317 1174 more
345 1112 384 1173 et
399 1097 485 1174 hoc.
545 1096 707 1172 Saltandi
733 1101 851 1183 enim,
887 1100 960 1187 hoc
983 1103 1032 1176 est
1056 1101 1145 1177 cho-

69 1235 133 1288 ros
149 1212 321 1298 ducendi,
348 1224 387 1285 vt
402 1211 557 1287 canendi
576 1210 768 1309 lyramque
787 1212 844 1287 vel
867 1214 1040 1309 citharam
1060 1216 1143 1315 pul-

69 1325 184 1415 sandi,
214 1326 372 1402 studium
392 1338 428 1400 et
443 1325 613 1401 sestiuitas
632 1324 851 1423 plerumque
865 1329 971 1426 iungi
992 1328 1139 1423 solebat.

69 1434 128 1517 Ex
145 1439 258 1538 prisca
276 1442 348 1514 vita
365 1438 517 1515 duslum
532 1440 619 1514 item
643 1438 735 1526 hoc,
768 1441 870 1537 quod
885 1439 1024 1540 Apollo
1045 1467 1140 1542 non-

54 1549 390 1653 =nunquam'(non
420 1555 521 1628 enim
548 1551 622 1628 hoc
645 1553 891 1651 perpetuum)
926 1572 1144 1654 praecentor

69 1668 175 1744 chori
200 1667 413 1753 adhibetur,
451 1682 489 1753 ut
507 1664 549 1742 16.
568 1664 619 1752 A,
639 1672 730 1759 603.
764 1682 800 1741 et
823 1669 861 1742 in
887 1666 1033 1768 Cypseli
1059 1696 1142 1766 arca
1255 1748 1257 1752 ,

68 1782 169 1880 apud
195 1780 341 1859 Pausan.
372 1779 419 1869 V,
450 1795 507 1865 18.
576 1778 811 1856 Tribuuntur
838 1782 986 1859 tandem
1023 1782 1139 1875 lllusrs

66 1898 159 1981 alia,
198 1920 291 1996 quae
318 1911 484 1971 avatum
509 1897 733 1992 interreges
766 1898 937 1994 antiquae
965 1895 1141 1999 Graeciae

52 2011 216 2102 *lortuna
234 2011 429 2087 ethonore
445 2007 550 2084 dutla
568 2007 660 2083 lunt.
719 2006 785 2084 Vti
807 2014 906 2100 enim
923 2013 1030 2088 aoedi
1046 2016 1140 2088 acci-
1158 2057 1161 2068 ι

64 2126 206 2202 nebant
221 2148 352 2231 regum
375 2122 515 2222 epulis,
554 2120 619 2196 sic
621 2120 754 2197 Musae
776 2121 882 2222 Jouis
908 2125 1139 2224 deorumque

66 2240 188 2338 epulis
209 2239 450 2325 adhibentur,
484 2250 524 2312 vt
541 2249 674 2312 canant
690 2237 802 2334 prisca
822 2236 975 2314 deorum
994 2239 1083 2316 sasia
1102 2253 1140 2316 et

66 2356 231 2453 origines
263 2356 314 2443 (v.
336 2350 489 2429 Homer
513 2349 585 2426 l..c
617 2346 763 2426 Hesiod
784 2347 928 2449 Theog.
951 2347 1108 2454 36s..q)

177 2587 210 2665 A
232 2588 422 2666 Musarum
446 2592 598 2667 nomine
620 2588 802 2689 appellata
824 2583 996 2676 μουσικιί,
1030 2590 1134 2664 cuias

62 2702 120 2779 vis
138 2714 175 2778 et
191 2701 409 2802 significatus
428 2706 491 2780 vni
511 2703 659 2781 tandem
687 2707 754 2779 arti
775 2701 950 2790 adhaefit,
978 2725 1064 2777 cum
1088 2704 1134 2778 ab

60 2817 170 2893 initio
189 2833 338 2896 cantum
354 2832 390 2894 et
406 2821 578 2917 poeticen
600 2820 757 2926 omnino
782 2815 991 2902 declararet,
1035 2816 1132 2916 post-

64 2953 217 3009 cavero
241 2935 365 3009 omnia
389 2956 449 3019 ea,
496 2954 589 3031 quae
624 2915 783 3007 carmine
815 2930 925 3029 prodi
954 2926 1133 3017 solebant,

58 3043 248 3177 ipsamque
283 3046 375 3123 adeo
409 3046 678 3146 philosophiam
710 3048 943 3143 omninoque
979 3042 1130 3132 litteras
1201 3034 1205 3042 ’

59 3159 229 3258 inprimis
259 3185 353 3261 quae
381 3162 426 3236 ad
453 3160 716 3236 humanitatem
744 3161 887 3234 animos
916 3157 1126 3238 emolliunt.

59 3270 256 3373 Sequiores
275 3290 397 3352 autem
413 3274 602 3351 Musarum
620 3276 792 3362 nomine,
820 3295 976 3348 numero
996 3285 1033 3347 et
1050 3295 1133 3347 mu

59 3409 169 3476 nere,
195 3391 292 3464 varie
317 3387 366 3465 vll
383 3389 485 3477 sunt,
511 3412 599 3465 cum
619 3410 752 3485 magna
777 3386 963 3462 interdum
986 3385 1128 3484 allego·
1209 3405 1212 3410 ’

59 3501 136 3577 riae
167 3500 335 3593 licentia,
376 3502 493 3579 multa
524 3525 676 3602 quoque
705 3505 931 3599 argutiarum
964 3499 1126 3588 leuitate,

57 3638 172 3714 quam
196 3620 362 3694 oratione
389 3617 561 3717 prosequi
586 3629 621 3690 et
644 3619 746 3714 piget
760 3627 810 3700 'et
833 3640 852 3689 a
871 3611 1024 3691 consilio
1042 3612 1130 3707 alie

57 3754 152 3808 num
189 3731 239 3808 est
263 3728 315 3833 i).
395 3729 450 3808 lta
478 3733 677 3807 ternarium
707 3728 896 3806 Musarum
928 3750 1126 3803 numerum

559 3842 594 3920 V
626 3869 653 3941 4
874 3842 875 3845 ’
960 3839 1123 3940 philoso-

98 4039 133 4119 i)
154 4036 272 4110 Adest,
299 4033 353 4115 qui
375 4034 561 4184 coquoscere
582 4032 666 4108 vult,
694 4031 839 4112 vulgares
859 4032 971 4105 libror,
991 4028 1041 4092 vel
1055 4029 1127 4094 Plu

63 4227 68 4237 .
169 4121 271 4281 grell,
291 4118 546 4284 1δῖγιιιριΜΙῙΗ,
567 4134 619 4201 14.
659 4115 792 4185 Varron.
823 4135 871 4199 ap.
891 4112 1058 4239 Augustin.
1091 4113 1126 4179 C.
