710 1313
255 206 398 214 ——
555 216 595 235 279

38 253 139 280 ferebat,
163 253 274 272 caerimonia
289 257 351 273 tamen
367 253 402 273 hac
419 253 596 279 religiosa,quan1

38 287 109 301 nune
118 278 228 304 indicimus,
248 285 336 306 tanquam
346 282 595 308 parasi·eae,praeludan1us

38 310 172 329 sollennibus
186 310 244 329 futuri
252 311 305 333 anni,
320 314 338 329 et
346 311 380 330 rite
388 311 484 335 operando
492 311 547 330 sacris
556 317 595 330 ma-

43 343 99 358 ture
112 344 247 364 componamus
260 339 331 358 animos
345 339 368 358 ad
380 339 487 364 religiosum
503 339 594 363 habitum,

44 373 97 392 quo
107 373 197 392 magnum
205 367 252 386 illud
260 367 394 387 semisaeculare
402 368 490 391 sollenne,
498 372 595 393 quotquot

51 396 142 415 nostrum
151 396 279 421 supere'rimus,
289 396 343 415 fimus
352 396 468 416 celebraturi.
497 396 594 421 Religioso

51 426 94 444 ritu
112 424 182 443 sacrum
194 424 250 444 huius
267 425 310 443 anni
323 428 375 444 tanto
387 426 445 450 magis
460 425 593 448 continebitur,

55 459 98 478 quo
106 454 126 472 in
135 453 184 472 diem
195 453 311 473 dominicum
319 453 366 472 illud
376 454 450 477 incidit;
465 454 549 478 adeoque
558 460 594 478 pro

56 482 142 501 oratione
159 481 238 501 sollenni
255 488 279 501 ex
296 488 348 501 more
365 482 457 502 recitanda
474 482 572 501 habebitur
584 488 594 503 a

56 509 105 529 Viro
115 510 216 535 plurimum
225 510 346 533 Reuerendo,
362 510 478 535 Theologiae
485 510 593 533 Proseffore,

56 538 286 561 HENR.Pffl¹..Sexnou‚
295 539 318 558 ad
328 543 403 559 coetum
413 539 497 564 religiose
507 539 592 559 coaelum

56 573 66 586 e
79 567 163 592 suggestu
175 567 240 593 templi
254 567 323 590 sermm
345 573 384 592 quo
397 568 490 593 erigantur
500 568 556 587 animi
569 568 593 587 ad

56 597 107 621 piam
120 596 269 616 recordationem
287 595 428 618 beneficiorum,
451 602 499 621 quae
512 597 531 615 in
544 596 593 616 hanc

55 630 113 649 remp.
122 624 228 644 litterariam
242 630 275 650 per
283 624 338 644 huius
346 625 390 644 anni
403 625 500 644 decursum
511 625 592 644 deriuaxa

55 653 115 673 fuere.
148 652 178 673 Est
187 654 207 672 in
216 653 245 674 his
254 654 373 678 praecipuum
387 653 443 676 illud.
459 653 511 679 quod
524 653 593 673 quen-

54 683 101 701 tutis
108 682 207 707 principes,
220 681 353 701 clementiffimi
363 682 419 701 nostri
427 681 483 707 Regis
491 685 527 701 tres
536 682 592 705 filios,

55 711 128 730 nostrae
141 716 196 730 curae
203 711 289 733 traditos,
307 711 326 729 in
336 711 399 730 medio
414 711 496 730 nostrum
508 710 593 730 videmus

54 739 80 759 ad
89 739 199 764 praeclaram
211 739 261 764 spem
273 739 381 758 adolescere.
411 739 452 758 Nec
467 739 542 758 defuere
551 739 594 758 reli-

55 773 94 793 qua
104 768 163 790 bona,
178 768 247 793 quibus
261 768 395 787 academiarum
404 767 481 787 felicitas
490 771 522 787 aut
533 768 594 787 conti-

55 801 112 816 netur
124 800 156 816 aut
164 796 257 815 censetur:
272 797 291 815 in
299 796 329 815 his
337 796 440 821 frequentia
450 797 525 818 ciuium,
541 796 594 815 disci·
618 794 620 796 ’

55 825 108 851 plina
116 825 220 844 academica
234 826 317 849 integra,
337 824 445 844 docentium
457 828 476 844 et
483 824 593 844 discentium

56 854 147 876 studium,
161 854 258 873 contentio
269 857 287 873 et
295 853 354 873 ardor.
385 853 399 873 E
410 853 473 873 nostro
481 852 591 873 Profess'orio

56 883 123 902 ordine
133 888 190 901 nemo
200 888 233 907 per
240 882 290 901 hunc
303 888 374 901 annum
385 888 483 901 numerum
491 882 590 901 imminuit.

56 911 86 931 Ad
98 914 140 931 von
156 911 218 936 itaque
231 911 304 930 numini
314 909 339 930 O.
349 910 377 930 Μ.
392 911 422 936 pia
437 915 455 929 et
466 914 518 935 grata
529 914 593 930 mente

56 939 189 965 persoluenda,
210 939 275 962 Ciues,
298 939 390 964 templum
405 939 536 959 academicum
547 940 593 958 hora

55 968 110 988 solim
121 968 168 988 caste
180 969 247 993 pieque
261 968 319 990 adite
338 972 366 990 et,
380 974 428 993 quae
441 968 513 993 pietatis
525 968 592 987 vestrae

55 996 88 1016 seu
97 997 203 1016 excitandae
211 996 242 1016 seu
250 996 326 1016 alendae
337 1000 356 1015 et
363 996 455 1016 fouendae
462 995 521 1015 caussa
530 996 593 1015 dicen-

55 1029 93 1048 tur,
108 1026 133 1044 ita
140 1025 208 1048 audite,
217 1029 237 1044 vt
246 1025 269 1044 ad
277 1026 350 1044 animos
358 1025 427 1045 vestros
435 1031 456 1044 ea
466 1025 502 1044 vim
511 1024 592 1044 hahuiffe

53 1053 135 1079 mtelligi
148 1054 207 1079 poffit.

113 1108 154 1128 Nos
162 1110 231 1129 interea
240 1115 316 1134 agamus
326 1108 357 1131 id,
379 1108 431 1133 quod
444 1114 485 1128 mos
494 1112 513 1128 et
522 1108 593 1127 institu-

53 1141 97 1157 tum
109 1138 155 1163 reip.
169 1138 239 1157 nostrae
255 1138 368 1157 academicae
386 1138 440 1157 nobis
456 1138 549 1163 imponit,
572 1140 593 1156 vt

282 1187 284 1190 ,
307 1166 319 1186 S
335 1173 348 1191 4
505 1165 594 1191 proluda-
