2550 4852
114 532 195 605 260
505 512 788 548 ''¹¹¹''-

114 691 349 775 condiderat:
381 719 454 796 qua
480 696 562 796 post
586 697 663 772 eius
679 707 838 771 mortem
855 695 1002 784 telleia,
1045 695 1186 796 digredi
1225 768 1226 771 .

116 831 219 888 erant
245 812 302 888 illi
330 815 396 911 qui
410 810 563 910 Megara
581 810 840 885 inhabitarunt
900 807 1098 886 Habemus
1125 815 1187 885 ita·

116 951 190 1026 que
216 940 255 1003 et
294 927 459 1029 Thapsum
493 928 588 1001 inter
620 924 785 1000 ciuitates
819 920 985 1000 Doricae
1019 927 1184 1024 originis.

114 1039 422 1141 Syracusanorum
458 1039 591 1115 ditioni
621 1062 702 1114 eant
734 1061 825 1116 mox
857 1036 1059 1114 subiectam
1088 1035 1187 1115 soille

115 1157 250 1231 vicinia
275 1156 374 1231 vrbis
400 1154 549 1231 credere
577 1152 690 1229 iubet.

232 1349 440 1429 Rhodiorum
465 1351 635 1428 coloniae
663 1375 741 1429 non
767 1354 890 1428 minus
919 1350 966 1427 ad
1000 1347 1187 1429 Doricum

118 1491 238 1568 genus
264 1465 348 1544 sunt
382 1466 609 1559 referendae:
669 1492 755 1542 nana
778 1465 947 1544 Rhodios
980 1481 1019 1541 et
1050 1465 1188 1544 Dorica

118 1585 228 1681 stirpe
255 1579 357 1657 inille
381 1596 482 1657 ortos
506 1596 543 1656 et
567 1577 708 1659 Dorice
733 1582 912 1681 loquutos
937 1594 1029 1655 nota
1051 1606 1109 1657 res
1127 1582 1184 1659 eli.

119 1695 206 1775 Fuit
233 1719 279 1771 ex
296 1695 370 1771 hoc
386 1718 521 1793 genere
553 1696 655 1779 Gela,
694 1718 807 1794 quana
832 1696 937 1771 annis
966 1692 1186 1796 asyracufis
1229 1685 1230 1688 '

120 1809 281 1888 conditis
302 1805 508 1886 XXXXV
536 1804 618 1902 (Ol.
630 1805 763 1895 XXII,
788 1833 820 1903 3.
849 1804 1048 1901 a.C.690)
1076 1809 1187 1884 dedu·

120 1947 208 1998 xere
237 1920 482 2021 Antiphernus
501 1921 637 2001 Rhodo
661 1936 698 1998 et
713 1921 881 2000 Entimus
906 1920 1016 1998 Creta
1044 1923 1187 2000 colonis

121 2035 284 2112 adduilis
302 2035 353 2131 (v.
364 2034 535 2136 Thucyd.
548 2035 615 2126 VI,
635 2064 672 2134 4.
706 2035 845 2115 Herod.
861 2034 947 2124 VII,
976 2059 1065 2129 153.
1107 2037 1187 2112 Sca·

120 2151 187 2248 lig.
198 2149 243 2226 ad
259 2145 387 2227 Euseb.
407 2151 543 2249 p.80.).
604 2149 744 2228 Dorica
761 2154 920 2226 instituta
936 2173 1016 2225 eant
1034 2147 1186 2226 tenuille

119 2262 360 2360 Thucydides
386 2263 514 2340 diserte
541 2261 649 2341 tradit
666 2261 729 2364 f).
803 2262 895 2342 Gela
922 2263 1080 2364 proietli
1107 2264 1187 2340 sunt

123 2374 249 2455 CVIII
268 2380 372 2454 annis
395 2377 495 2476 post,
530 2375 624 2478 (Ol.
640 2375 786 2455 XLIX.
809 2390 841 2474 3¹.
880 2402 909 2454 a.
921 2374 962 2453 C,
979 2392 1026 2470 53
1035 2374 1096 2472 2‚)
1124 2372 1187 2477 qui
1235 2363 1237 2391 ³

120 2494 344 2589 Agrigentum
381 2492 645 2581 condiderunt,
703 2491 917 2568 Aristonous
951 2504 988 2566 et
1021 2489 1186 2591 Pyllilus.

122 2605 313 2707 Irnpettita
331 2608 374 2682 iis
400 2605 526 2683 eadem
546 2608 706 2683 instituta
733 2604 873 2684 Dorica
891 2611 947 2702 g).
1008 2602 1066 2682 Ex
1084 2605 1188 2704 Agri·

119 2728 326 2817 gallinarum
345 2745 420 2819 rep.
450 2744 562 2796 vnum
588 2720 662 2797 hoc
684 2721 880 2808 habemus,
919 2719 1022 2817 quod
1050 2716 1188 2797 Pollux

121 2832 468 2932 lV,174eth,80.
480 2858 526 2911 ex
545 2833 808 2924 Aristottradit,
819 2831 946 2911 XXX
955 2840 1189 2940 arrpdaquae

121 2950 278 3027 totidem
297 2949 402 3025 oboli
418 2948 516 3034 lunt.
542 2948 699 3026 multam
715 2949 813 3048 apud
828 2973 892 3026 eos
912 2947 1022 3028 fuiffe.
1093 2951 1190 3025 Gaiae

121 3088 216 3162 resp.
243 3065 281 3137 in
300 3061 500 3139 Aristotelis
516 3062 711 3148 πολιτείαις
727 3065 816 3152 fuit,
843 3078 883 3138 vt
899 3065 973 3142 fere
989 3062 1192 3163 plerarum-

1234 2440 1236 2527 l

1233 2921 1235 2944 l

123 3200 197 3275 que
221 3188 425 3252 ceterarum
452 3179 659 3269 ciuitatum:
691 3200 784 3277 quae
801 3177 827 3253 fi
845 3178 1085 3278 supereffluit,
1114 3203 1190 3255 nae·
1233 3167 1235 3258 I

123 3289 195 3367 lius
227 3291 336 3364 nobis
371 3289 416 3365 dc
448 3288 573 3366 caullrs
608 3293 805 3380 constaret,
845 3316 910 3368 cur
935 3293 1037 3370 nulla
1061 3317 1188 3368 earum

123 3403 213 3492 fuit,
245 3425 339 3502 quae
357 3426 435 3480 non
452 3419 627 3501 tyrannos
650 3404 733 3480 suos
750 3405 950 3505 aliquando
967 3406 1067 3482 nacla
1085 3404 1188 3484 effet:

124 3515 188 3592 etsi
213 3516 318 3592 facile
347 3516 585 3616 intelligitur,
622 3520 660 3594 in
685 3522 789 3596 omni
812 3544 887 3620 rep.
911 3521 1100 3622 populari,
1139 3536 1191 3597 et·

125 3632 200 3707 iam
216 3632 358 3731 optime
380 3646 598 3733 temperata,
630 3632 657 3709 ll
680 3632 870 3734 opulentia
894 3638 1006 3736 partis
1034 3634 1191 3712 alicuius

1040 3751 1193 3840 ciuium,

161 3909 209 3993 s)
227 3903 438 3991 Thucyd.VI‚
455 3930 483 3991 4.
512 3909 621 3989 νόμιμα
642 3911 673 3972 δὲ
694 3912 811 3994 depuli
830 3910 921 3996 dedda
940 3906 1054 3980 αὐτοῖς.
1089 3912 1131 3974 de
1153 3911 1192 3973 iis

237 4016 268 4061 v.
287 3996 323 4058 ad
341 3996 461 4066 Pindo,
477 3996 607 4077 Pytnl,
628 4008 696 4067 118.
717 4058 719 4072 .

166 4109 208 4191 g)
228 4102 437 4187 'I'hncdeI
455 4126 485 4185 4.
507 4106 574 4166 add.
593 4106 749 4188 scymnus
764 4122 837 4184 291.
879 4103 987 4187 Itaque
999 4105 1080 4188 apud
1098 4103 1193 4188 Agri·

238 4190 386 4269 gentiana
407 4190 518 4269 religio
539 4189 624 4262 Jovis
646 4191 787 4272 Atabyrii
816 4200 882 4251 erat
903 4211 919 4250 a
941 4189 1072 4251 Rhodiis
1093 4192 1193 4254 dedu·

238 4272 297 4336 sta.
310 4272 545 4354 Potyblxar.
586 4273 787 4335 fertilitatem
808 4274 875 4353 agri
896 4285 928 4336 et
949 4293 987 4335 ex
1008 4292 1045 4336 et
1063 4273 1191 4339 diuitias

236 4366 270 4419 et
289 4357 398 4423 lurum
418 4357 594 4439 praedicant
614 4356 723 4438 Polyb.
746 4367 779 4420 et
798 4356 929 4436 Diodor.
