710 1313
362 270 401 274 “-
558 266 599 288 287

61 306 146 332 tmrplatu‘o
165 305 224 333 subtili
239 307 273 325 eius
288 306 348 325 iuditio
356 304 455 332 subierunt,
484 304 599 326 habebimus.

62 335 134 355 Verurn
149 335 186 360 ipsa
194 335 275 354 instituta
288 335 381 354 fuerintne
391 334 483 360 praeclara
495 339 513 354 et
522 335 600 355 salubria

62 364 77 384 fi
90 370 209 389 quaeramus:
227 370 257 386 ea,
274 369 321 388 quae
335 363 358 383 de
371 364 444 383 illarum
457 364 553 383 ciuitatum
562 364 601 383 for.

63 397 109 412 tuna
126 398 147 412 ac
164 392 282 418 prosperitate
299 393 318 411 in
335 392 414 412 historiis
431 396 531 412 memorata
552 393 600 416 sunt,

63 422 200 441 dubitationem
212 421 266 440 facile
278 422 372 444 eximunt;
385 421 478 440 esttamen
489 427 527 440 non
538 422 601 441 minus

63 450 88 469 de
97 450 130 469 soli
139 449 222 474 caelique
233 453 298 468 natura
310 453 328 468 et
337 449 407 471 indole,
419 453 459 469 tum
469 449 492 469 de
500 450 601 474 agricultu-

66 484 98 498 rae
109 478 182 500 studiis,
201 484 248 503 quae
260 478 306 497 noui
318 478 383 497 coloni
397 478 506 501 attulerant,
525 482 565 498 tum
577 479 601 498 de

64 507 135 526 adscitis
147 507 167 525 in
179 507 288 529 amicitiam,
309 506 423 529 societatem,
443 506 537 526 interdum
545 511 564 526 et
576 508 602 526 ci-

61 536 146 558 vitatem,
158 535 237 554 barbaris
246 535 373 560 cogitandum.

121 590 149 610 Vt
158 594 220 609 tamen
235 590 282 609 teste
294 590 317 609 de
326 590 359 609 illa
371 593 455 610 veterum
466 596 523 616 opera
533 590 603 610 iudice·

62 625 119 641 snus.
134 619 258 644 reputandum
270 618 304 641 est,
320 619 411 644 primum,
430 622 504 645 tempora
517 619 546 638 illa
558 620 602 638 anti-

65 649 125 673 quiora
141 651 220 672 tanquam
233 654 266 672 pro
276 647 378 667 incunabulis
386 648 460 673 politices
474 648 552 667 omnino
567 647 602 667 ess'e

66 676 160 699 habenda,
174 683 184 696 a
194 676 262 701 quibus
274 676 357 695 adoleuit
364 676 405 699 illa,
421 677 490 696 nutrita
504 677 543 702 post
553 677 604 696 viro-

67 711 109 725 rum
121 704 219 724 doflorum
231 710 275 724 cura
286 710 308 724 ac
317 705 387 724 studio:
406 706 430 724 im
440 709 500 725 tamen
512 709 532 725 vt
540 705 562 724 ab
575 711 604 724 re-

67 740 110 753 rum
123 734 208 756 veritate,
231 739 270 752 non
284 739 294 752 a
306 739 356 753 mera
370 734 441 758 ingenii
456 734 555 753 subtilitate
571 739 605 759 per

68 762 178 788 hypotheses
186 762 273 784 ludentis,
279 768 300 781 ea
308 762 471 787 proficiscerentur.
500 762 533 782 Vti
542 766 604 782 autem

71 791 150 810 omnino
164 791 227 815 exigui
236 794 300 810 coetus
313 794 332 810 et
338 790 433 810 societates
443 796 509 816 pamm
517 793 605 810 numero-

68 819 97 839 sae
114 819 200 838 industria
215 820 284 838 acriore
300 825 328 838 rea
342 819 381 838 suas
395 823 471 839 curant:
493 820 518 839 ita
531 825 603 845 eorum,

66 854 117 873 ,quae
126 848 203 867 salubria
214 849 234 867 in
242 853 279 873 rep.
289 854 312 866 an
324 849 381 867 noxia
393 847 460 871 effent,
480 848 605 867 obseruatiuni

70 876 155 901 diligenti
167 876 230 896 multo·
242 877 301 901 magis
314 876 464 896 accommodatae
477 878 529 896 erant
540 883 606 902 paruae

69 905 178 930 respublicae.
201 910 257 930 quam
275 911 341 929 magna
353 905 441 930 imperia,
469 905 537 930 quibus
554 911 606 925 nunc

66 933 145 959 -Europa
155 934 256 958 intercepta
267 934 300 952 est:
319 934 338 952 in
350 934 418 958 quibus
430 934 488 953 multa
497 934 537 954 casu
546 940 566 953 ac
579 938 606 953 te-

69 968 131 985 mere,
148 962 183 981 alia
194 962 247 981 vuius
258 962 286 981 vel
297 967 397 987 paucorum
407 963 482 982 arbitrio
490 968 511 982 ac
521 962 605 985 libidine,

37 990 43 992 “
66 997 129 1018 <pauca
137 991 159 1010 ad
169 994 236 1010 certam
245 991 341 1012 rationem.
354 991 443 1016 pleraque
452 997 504 1010 more
515 995 533 1010 et
543 997 607 1011 exem-

72 1020 105 1045 plo
113 1019 160 1039 fiunt
168 1025 189 1038 ac
198 1024 298 1044 geruntur;
315 1025 396 1044 cumque
404 1026 461 1045 regna
469 1020 500 1039 illa
511 1020 558 1039 inter
566 1020 607 1039 har-

67 1049 159 1067 *batorum
170 1047 259 1067 vitiorum
271 1047 387 1067 insolentiam
395 1054 417 1067 ac
428 1048 525 1070 ferociam,
539 1052 559 1067 vt
566 1048 606 1068 fon

67 1077 150 1099 -ferebat,
170 1076 274 1096 coaluerint
281 1080 300 1095 et
310 1077 450 1099 concreuerint‚
463 1083 514 1096 nunc
524 1077 607 1096 fluminis

68 1111 131 1128 more,
140 1111 176 1130 qua
184 1105 231 1124 illud
239 1104 313 1124 alueum
322 1105 355 1124 fibi
364 1105 407 1124 fecit
417 1111 438 1124 ar:
447 1106 520 1125 cursum
528 1111 607 1125 conuer-

71 1135 104 1156 tit,
123 1134 185 1153 omnia
199 1134 283 1152 seruntur
295 1134 377 1158 impetu;
398 1133 435 1158 ipsa
447 1140 509 1153 rerum
518 1134 607 1154 curanda.

72 1169 115 1182 rum
134 1167 152 1181 et
166 1162 348 1181 administrandarum
366 1162 480 1185 multitudo,
507 1163 607 1188 perplexus

71 1197 137 1213 nexus,
148 1197 245 1216 operarum
253 1194 272 1209 et
279 1190 381 1210 studiorum
388 1191 488 1210 concursus
496 1191 607 1216 plerumque

550 1225 607 1238 luter.
