2550 4852
156 680 240 756 288ss
512 699 513 702 ‘

155 829 371 918 intercedit,
416 827 641 927 quominus
674 828 823 923 antiqua
858 830 1015 918 mutari,
1061 827 1226 917 meliora,

154 950 265 1026 etiam
292 947 386 1020 bene
403 937 584 1041 perspesla
600 952 637 1015 et
659 940 785 1016 multis
800 944 967 1018 virorum
984 943 1226 1042 prudentium
1260 963 1264 992 ³

151 1059 293 1160 scriptis
319 1053 517 1142 declarata,
554 1053 681 1129 inferri
706 1053 848 1154 poffi'nt
916 1056 1050 1134 Solent
1073 1079 1225 1158 quoque
1263 1129 1267 1140 ,

154 1177 195 1252 in
210 1172 354 1272 magnis
372 1170 555 1268 imperiis,
586 1190 679 1268 quae
702 1171 951 1268 principatum
974 1166 1151 1271 Europae
1178 1172 1226 1246 as-
1258 1177 1268 1220 a

151 1287 305 1375 sedant,
335 1306 484 1369 eorum,
516 1285 581 1380 qui
597 1283 707 1358 rebus
721 1282 1013 1362 administrandis
1038 1284 1222 1384 praesunt,
1263 1273 1264 1276 Ὺ

152 1402 303 1502 ingenia
322 1412 360 1476 et
372 1396 487 1475 studia
509 1396 555 1473 ad
580 1419 703 1472 rerum
719 1415 954 1474 externarum
973 1397 1222 1498 splendorem,

151 1517 402 1594 anctoritatem
429 1533 472 1589 ac
487 1512 564 1587 vim
585 1510 631 1586 ad
655 1509 844 1588 fortunam
859 1511 1091 1612 reliquorum
1107 1509 1224 1590 Euro·

20 1626 22 1631 '
153 1641 221 1733 pae
246 1651 450 1729 regnorum
484 1623 757 1714 inclinandam,
792 1626 942 1702 adrem
965 1628 1167 1704 militarem
1188 1641 1223 1704 et
1258 1685 1259 1689 κ

151 1745 198 1822 ad
217 1745 353 1821 tributa
375 1766 416 1819 ac
437 1737 636 1839 vectigalia,
664 1741 780 1837 magis
804 1741 839 1816 se
856 1756 1076 1818 conuertere
1108 1763 1220 1842 quam

152 1860 198 1935 ad
216 1862 353 1935 ciuium
380 1860 552 1931 virtutem
577 1876 619 1932 ac
645 1853 867 1932 felicitatem.
928 1851 1068 1931 Contra
1094 1879 1221 1956 respu-
1253 1943 1255 1946 ,

140 1974 268 2050 -blicae
293 1970 376 2047 illae
398 1973 633 2067 antiquarum
655 1982 834 2059 aetatum,
870 1971 1002 2068 partini
1023 1984 1129 2045 erant
1152 1971 1218 2046 ho·

151 2089 312 2171 minum,
353 2085 418 2183 qui
452 2106 499 2158 ex
533 2083 682 2158 feritate·
705 2095 743 2158 et
772 2086 845 2161 vita
868 2081 1037 2171 siluestri,
1083 2100 1149 2160 aut
1174 2107 1218 2159 ex
1249 2080 1262 2184 ,s

149 2199 320 2277 nouandico
345 2200 438 2274 vitae
463 2219 599 2294 genere
626 2196 673 2272 ad
705 2220 812 2294 agros
845 2195 1025 2272 colendos
1057 2200 1217 2296 primum
1255 2184 1262 2271 ’ζ

149 2314 500 2415 progrediebantur,
544 2325 585 2386 vt
608 2309 702 2386 sorte
719 2313 764 2397 ii,
805 2311 942 2410 quibus
968 2309 1094 2388 Moles
1118 2312 1216 2411 leges
1255 2329 1256 2333 ’

147 2430 344 2521 scribebat;
372 2426 505 2527 partim
530 2424 775 2513 colonorum,
820 2427 896 2524 qui,
928 2448 976 2501 ex
1005 2427 1215 2503 ciuitatibus

146 2547 220 2621 iam
244 2542 290 2619 ad
308 2557 442 2619 certam
468 2542 650 2615 rationem
670 2539 874 2615 constitutis
890 2563 976 2616 cum
1001 2537 1116 2616 essent
1136 2564 1219 2640 pro·

149 2656 272 2758 gressi,
295 2692 298 2698 ·
319 2655 392 2755 ipsa
423 2653 666 2753 descriptione
700 2653 882 2729 nonnulla
921 2653 1056 2729 melius
1086 2656 1217 2730 eonsti-

147 2787 274 2861 tuere,
292 2791 465 2869 ¹cumque
483 2782 520 2844 et
542 2766 633 2842 lines
655 2779 693 2842 et
712 2770 812 2843 ciues
839 2763 951 2844 essent
968 2768 1096 2865 exigui
1115 2768 1218 2845 modi

60 2926 61 2929 κ
147 2900 185 2963 et
209 2888 375 2974 numeri,
421 2880 564 2959 facilius
591 2880 706 2958 multa
730 2880 933 2981 perspicere
959 2905 1000 2957 ac
1026 2882 1218 2959 consulere

148 3014 332 3101 poterant.
379 2994 544 3073 illelius
572 2996 697 3094 itaque
730 2994 1011 3094 legunrlatoriae
1046 2995 1215 3072 scientiae

143 3113 308 3216 pericula
331 3110 420 3187 salla
442 3110 526 3186 sunt
550 3113 590 3185 in
615 3108 673 3186 his
700 3111 823 3209 paruis
838 3110 1067 3198 ciuitatibus,
1104 3134 1215 3211 quam

145 3225 232 3304 liin
247 3227 391 3324 magnis
418 3226 541 3323 regnis
563 3238 601 3299 et
620 3225 782 3325 imperiis
807 3223 882 3300 hoc
906 3224 1005 3301 idem
1030 3238 1213 3302 tentatum

144 3338 239 3417 esset.
290 3338 568 3436 Satis=quoque
595 3336 669 3413 hoc
696 3335 825 3414 docuit
846 3340 1090 3436 imperiorum
1116 3353 1214 3414 vete-

141 3479 227 3532 rum
251 3477 317 3554 per
333 3449 452 3529 Asiam
470 3450 635 3526 historia·
625 3473 775 3550 ,quam
797 3475 929 3551 parum
955 3455 1055 3528 eninr
1079 3451 1212 3529 illaad

140 3569 278 3645 bonam
304 3566 432 3665 legum
466 3563 748 3664 descriptionem
774 3565 1016 3688 profecerint,
1053 3564 1127 3665 ipsa
1157 3591 1213 3644 rea

142 3681 350 3760 declarauit.
412 3675 575 3756 Contra
565 3703 604 3754 rn
615 3677 689 3754 illis
692 3682 826 3808 ‘paruis
842 3643 1051 3757 ciuitatibus
1069 3681 1214 3779 experi-

138 3810 265 3875 menta
293 3792 383 3872 sada
417 3797 519 3883 suut,
560 3814 634 3891 qua
665 3793 723 3868 via
748 3816 790 3870 ac
815 3796 971 3870 ratione
981 3794 1214 3894 respublicae

138 3909 308 3989 condiet
327 3907 500 3987 constitui
516 3904 651 4008 possint
675 3904 742 3991 sie.
784 3906 922 4000 utfinis
948 3909 1133 3985 eiusmodi
1158 3909 1216 3986 soa
1270 3984 1271 4002 ,

139 4027 280 4103 cietatis
303 4021 504 4111 humanae,
543 4022 686 4123 felicitas
712 4043 791 4097 non
816 4024 943 4110 unius,
977 4045 1048 4099 nec
1071 4044 1214 4122 pauco-

136 4163 242 4228 rum,
283 4136 343 4242 sed
362 4141 523 4223 omnium,
570 4133 691 4212 sinon
715 4134 877 4233 aequalis
902 4155 943 4212 ae
969 4158 1054 4235 par,
1101 4136 1214 4214 nullo

139 4266 262 4330 tanmn
286 4250 360 4328 alio
392 4250 510 4349 gradu
535 4247 740 4348 discrepans
767 4262 804 4325 et
830 4249 1054 4350 inaequalis,
1100 4274 1217 4352 quam

138 4388 253 4468 quem
276 4377 427 4451 naturae
454 4363 639 4462 disparitas
668 4376 706 4438 et
722 4362 965 4463 inaequalitas
990 4363 1095 4454 facit,
1144 4366 1217 4444 ob·

1100 4480 1215 4557 tineri
