710 1313
106 201 149 221 414
307 191 449 205 ΞΕ

105 239 149 258 dem
166 238 190 259 nd
204 238 304 260 oestandam
321 239 426 257 animorum
444 239 530 263 pietatem
547 238 645 264 religionis

104 267 176 287 nostrae
192 273 213 287 ac
226 267 269 286 fidei
284 270 428 286 monumentum
441 267 495 286 nobis
509 267 597 292 superstes
609 267 644 287 ess‘e

105 295 232 315 voluerimus?
261 295 306 319 Qso
315 296 377 320 itaque
386 301 421 320 pro
434 295 482 314 virili
494 299 513 314 et
524 295 561 321 ipse
572 296 643 321 prospi-

105 325 163 346 ciam,
178 328 198 343 vt
208 324 230 343 iis
241 325 274 349 qui
285 324 325 349 post
334 329 368 343 nos
381 327 444 346 erunt,
460 327 520 348 parata
535 324 556 343 fit
567 324 643 349 respon-

104 352 140 375 fio,
161 352 247 372 lubenter
262 352 368 372 auctoritate
383 352 440 371 vestra
450 352 558 372 mandatum
572 359 642 372 munus

103 381 124 400 in
133 387 163 400 me
174 382 253 406 recipio.
266 384 294 403 et,
309 384 400 406 quantum
411 381 430 399 in
440 386 470 400 me
478 382 521 403 erit,
540 387 565 400 ne
574 381 642 400 vestrae

104 410 176 435 pietatis
188 409 248 429 sensus
260 415 300 429 mea
313 410 396 428 oratione
411 412 525 432 attenuetur,
549 415 593 429 cum
606 409 641 429 fide

103 438 179 458 curabo.
229 437 281 457 Inter
292 438 376 457 volentes
389 441 407 456 et
419 437 516 462 procliues'
528 438 551 457 ad
562 437 641 458 causs‘am

104 467 176 486 animos
185 466 290 486 facundiam
298 466 399 491 approbare
411 472 449 485 non
463 466 510 486 adeo
521 465 596 486 difficile
607 465 642 486 effe

103 496 168 520 potest⁴
199 495 252 514 Nihil
264 495 357 520 proferre,
375 494 422 514 nihil
433 494 497 519 eloqui
507 498 583 520 potero,
604 494 640 515 flue

104 524 126 543 ad
135 525 240 543 animorum
252 523 321 542 sensum
331 523 368 542 fiue
378 523 400 542 ad
415 524 487 548 pietatis
501 523 591 546 asscel-um,
602 529 641 549 quo

104 558 144 571 non
159 552 251 571 dicentem
263 558 292 571 me
307 552 360 571 vestri
375 552 431 570 animi
443 555 570 575 anteuertanu
592 552 640 572 nihil

103 580 206 603 laudabile,
220 580 266 599 nihil
274 580 387 605 praeclarum
395 580 418 599 de
426 579 561 600 Mvncifflvsio
572 584 640 605 potero

103 614 215 631 memorare,
233 609 278 634 quin
287 609 377 628 memoria
388 608 444 628 vestra
452 609 512 633 plura,
521 612 540 628 et
548 609 639 634 pleniora,

105 642 124 658 et
137 638 216 660 maiora,
228 638 294 657 animis
302 637 364 657 vestris
373 637 460 656 subiiciat.
495 651 497 654 ⁴

161 692 207 716 Quo
219 696 280 711 tamen
290 692 355 711 ordine
362 691 407 711 mihi
416 692 554 717 procedendum
562 692 588 714 sit,
601 691 639 712 Au-

101 721 184 744 ditores,
209 722 241 746 qui
255 722 274 740 in
286 724 335 740 tanta
352 727 413 740 rerum
427 721 480 745 copia
495 721 582 743 dilectus,
606 722 639 746 qui

103 750 201 772 materiae,
215 749 228 769 si
239 755 275 774 qua
284 749 318 768 alia
329 749 374 771 suit,
388 749 411 768 ad
419 749 517 768 dicendum
529 749 639 769 seliciffimae

103 778 205 797 tractandae
216 778 293 800 modus,
310 778 330 797 in
344 777 378 797 hac
389 777 522 797 deliberatione
533 778 592 797 fateor
607 778 639 797 diu

102 813 132 826 me
148 806 229 826 defixum
242 807 305 825 animo
319 807 390 825 exitum
404 812 443 825 non
459 807 550 831 reperire3
574 806 639 830 Quid?

101 835 154 860 quod
162 835 210 854 inter
220 838 248 854 tot
257 840 278 854 ac
286 838 335 854 tanta
348 841 409 854 rerum
424 838 541 859 argumenta,
561 835 598 860 ipia
612 835 641 854 di-

102 863 157 883 cendi
164 864 254 888 principia
263 864 346 882 inuenire
356 862 430 882 difficile
444 863 501 882 videri
512 863 571 882 debet.
601 863 639 883 Sed

101 893 122 911 in
135 892 170 912 hac
182 895 232 911 tanta
244 891 361 917 diffieultate,
383 891 502 911 floreutiffirni
517 891 607 914 quenes,
628 899 640 912 a

101 921 156 940 vobis
169 920 267 940 confilium
283 924 302 939 et
316 920 407 939 rationem
422 923 489 945 petam.
528 920 547 939 Si
558 920 640 940 vestrum

102 949 182 974 quisque
190 953 266 974 parente
277 949 319 970 suo,
334 954 390 974 quam
403 952 465 967 tamen
477 949 508 967 fati
520 949 640 970 acerbitatem

101 983 135 1003 per
143 977 212 997 multos
220 977 280 997 adhuc
288 983 347 996 annos
360 983 370 996 a
381 976 450 996 cunetis
463 976 520 996 abeffe
531 978 593 996 iubeat
604 984 641 997 nu-

101 1012 145 1025 men
154 1005 178 1025 0.
190 1005 217 1025 M.
233 1006 263 1025 sed
276 1005 289 1025 fi
302 1009 378 1031 parente
392 1009 453 1024 morte
467 1005 500 1024 fibi
512 1011 576 1030 erepto
588 1007 641 1031 quis.

101 1040 159 1059 quarn
169 1034 247 1053 vestrum
260 1040 303 1053 cnm
314 1034 376 1053 amicis
390 1034 425 1053 suis
437 1040 458 1053 ac
473 1034 592 1053 familiaribus
604 1035 641 1055 ser-

102 1069 168 1082 mones
179 1062 274 1082 habiturus
282 1062 336 1085 estet,
353 1062 407 1088 quale
421 1062 526 1082 sermonum
540 1068 641 1087 argumen-

101 1095 142 1111 tum
151 1092 191 1111 fore
199 1091 316 1116 putabimus?
336 1090 357 1110 In
368 1091 436 1110 sumnia
449 1092 505 1110 animi
517 1092 640 1116 aegritudine,

102 1126 139 1146 qua
146 1120 169 1140 de
177 1126 196 1139 re
203 1120 297 1139 lubentius
306 1120 485 1142 commemoramus,
501 1126 557 1145 quem
570 1121 594 1140 ad
603 1122 642 1141 clo·

536 1150 641 1173 quendum.
