2542 5010
164 596 216 669 90
556 597 831 617 “““““““““““·

160 760 221 824 tur
243 748 313 839 *),
343 748 492 847 patebit„
553 741 697 826 Habere
723 754 844 822 tamen
866 769 946 822 eam
970 744 1110 846 aliquid
1138 746 1237 822 inci-

159 861 252 948 vile,
282 860 378 938 forte
403 860 581 938 illiberale
606 877 642 936 et
666 863 832 958 ingenuo
850 859 1002 937 homine
1017 859 1214 959 indignum,

160 978 230 1052 erit
252 974 365 1064 forte,
397 977 463 1075 qui
481 977 676 1055 existimet.
717 973 834 1066 Quis
862 968 987 1064 enim,
1011 973 1077 1050 nist
1103 975 1163 1071 qui
1178 996 1222 1050 ex

159 1089 318 1166 aliorum
341 1089 480 1166 miseria
504 1091 661 1166 crescere
687 1088 915 1189 publicoque
945 1089 1036 1165 odio
1061 1088 1214 1164 exultare

158 1202 282 1290 malit,
313 1226 463 1293 eorum,
495 1227 589 1304 quae
618 1204 663 1279 ab
689 1202 822 1290 altero„
848 1202 1017 1279 familiari
1041 1202 1215 1289 interdum

158 1341 202 1394 au
227 1316 383 1416 collega,
414 1342 525 1418 praue
552 1331 589 1393 et
613 1315 747 1392 sinistre
772 1316 868 1415 gusta
884 1315 964 1405 luit,
994 1316 1110 1393 index
1129 1314 1215 1416 apud

158 1431 408 1529 magistratum
435 1429 502 1509 else
537 1428 735 1524 sustineat?
793 1430 883 1520 Sed,
916 1431 1007 1508 dum
1036 1455 1055 1505 a
1081 1430 1145 1506 tali
1168 1433 1214 1505 in-

158 1545 277 1633 dicio,
317 1559 493 1647 tanquam
522 1570 608 1623 tum
641 1545 826 1623 honestate
852 1569 984 1644 parum
1009 1544 1210 1631 coniuntlo,

155 1659 415 1750 abhorremus,
456 1659 614 1760 adspersa
640 1659 716 1738 fere
751 1672 789 1736 et
813 1658 975 1736 admixta
1007 1658 1213 1745 calumniae,

156 1774 234 1852 odii
260 1774 319 1852 vel
352 1775 586 1875 cupiditatis,
646 1787 734 1851 nota
759 1773 882 1871 aliqua
908 1776 1033 1851 animo
1069 1772 1212 1865 insidet;

157 1912 243 1965 cum
269 1901 393 1964 tumen
422 1891 467 1964 ab
498 1888 591 1964 odiis
624 1891 726 1964 iuxta
750 1911 792 1964 ac
819 1889 943 1964 studiis
977 1890 1101 1987 prauis
1134 1890 1215 1962 inta-

155 2002 254 2080 ttum
278 2003 418 2082 seruare
436 2002 573 2079 studeat
598 2004 906 2080 animum’bonus
932 2004 1092 2101 quisque
1111 2004 1210 2092 ciuis3

154 2130 211 2204 et,
246 2116 351 2216 quod
378 2120 416 2192 in
443 2117 516 2217 ipla
541 2117 623 2216 lege
650 2116 838 2205 adiicitur,
869 2117 986 2194 rnaior
1016 2115 1144 2192 haberi
1162 2113 1214 2190 de·

156 2230 244 2341 beat
266 2232 359 2307 ratio
393 2236 544 2331 patriae.
592 2254 665 2330 qua
692 2230 784 2306 nihil
811 2234 982 2330 cuiquam
1009 2225 1080 2304 elle
1107 2229 1214 2329 potest

155 2343 406 2434 coniunllius,
446 2368 554 2444 quam
581 2346 832 2433 familiarium,
863 2345 1068 2420 liberorum
1094 2367 1137 2445 ac
1160 2366 1215 2442 pa·

152 2473 310 2535 rentum.
370 2456 512 2535 Verum
538 2462 679 2559 primo,
710 2460 735 2535 fi
762 2483 840 2534 non
868 2457 941 2558 ipsa
967 2458 1068 2556 lege,
1098 2474 1217 2533 tamen

151 2571 227 2670 ipsa
257 2597 297 2648 re
325 2587 363 2648 et
390 2573 574 2662 instituto,
619 2573 734 2651 multa
769 2588 924 2672 potuere
960 2569 1028 2647 elle
1058 2571 1217 2659 delinita,

152 2709 248 2786 quae
285 2686 380 2764 hanc
407 2686 628 2765 delationem
662 2687 1007 2766 circumscriberent
1094 2683 1222 2762 Potuit

153 2824 195 2877 ea
222 2801 348 2878 locum
374 2801 507 2878 habere
535 2805 572 2877 in
597 2804 811 2879 criminibus
838 2802 1038 2899 conceptis,
1069 2800 1222 2875 inchoa·

150 2918 217 3005 tia,
249 2915 451 3015 delignatis.
512 2913 613 2993 Tum
634 2915 822 2993 subiicitur
847 2914 1014 2992 recensus
1035 2913 1221 2990 eiusmodi

78 3131 79 3135 Ἴ
148 3027 328 3107 scelerum
356 3026 659 3124 (ἀδικημάτων),
709 3054 848 3130 quasa
880 3028 980 3106 malo
1009 3031 1221 3104 animorum

149 3141 278 3219 habitu
302 3143 598 3242 proficiscuntur:
658 3144 812 3227 deorum
832 3156 1060 3227 contemtus,
1091 3165 1223 3240 paren·

149 3268 230 3334 tum
264 3257 435 3346 violatio,
481 3261 755 3358 magistratuum
786 3273 822 3333 ct
855 3259 983 3356 legum
1014 3255 1243 3354 negletlus¹

148 3383 186 3477 et
211 3371 365 3447 iustitiae
392 3371 551 3449 eleuatio
581 3396 623 3449 ac
647 3371 841 3471 despetlus.
901 3369 1001 3448 Huic
1025 3371 1138 3447 animi
1156 3369 1221 3447 de-

150 3486 291 3587 prauati
320 3484 478 3560 malitiae
506 3485 572 3564 nisi
597 3500 738 3563 mature
763 3499 994 3573 occurratur,
1032 3487 1072 3560 in
1099 3484 1243 3560 deter-v

147 3599 240 3701 rima
286 3596 437 3707 scelera·
467 3612 503 3675 et
542 3601 703 3678 facinora
745 3624 935 3702 erumpere
977 3597 1040 3674 illa
1083 3599 1217 3698 potest.

147 3708 334 3801 Tandem,
366 3713 479 3813 idque
509 3719 723 3813 primarium
752 3728 845 3801 etat,
883 3713 946 3789 lex
970 3713 1059 3789 haec
1084 3712 1219 3791 tolera-

148 3824 233 3901 bilis
264 3823 332 3901 elle
361 3831 486 3926 potuit
518 3824 697 3905 duntaxat
725 3831 763 3903 in
795 3853 835 3904 ea
865 3828 1032 3914 ciuitate,
1076 3829 1217 3925 inqua

147 3937 358 4038 disciplinae
377 3964 509 4042 magna
529 3941 613 4021 ellet
630 3943 811 4032 seueritas,
841 3964 990 4019 morum
1007 3938 1216 4043 simplicitas

1180 4068 1217 4131 et

186 4246 222 4329 θ)
242 4243 472 4333 ἐμφανιζόντων
492 4245 525 4309 ll
541 4282 580 4294 -
601 4240 667 4309 ὅσον
687 4240 722 4306 ἓν
742 4247 775 4308 lu
800 4248 938 4327 rpovolar
952 4241 980 4308 rl
995 4242 1215 4327 ἁμαρτάνωσιν.

170 4378 173 4385 -
257 4365 298 4379 -
319 4328 395 4396 turo
415 4333 452 4404 „dd
466 4335 593 4405 μέγιστα
617 4330 785 4415 a'durrjuaru
807 4330 885 4393 dada
908 4329 1130 4414 καταφρόνησις
1151 4343 1213 4394 etc.

257 4435 287 4478 v.
311 4415 426 4480 Prolus.
449 4416 530 4501 sequ.
