2542 5010
138 754 395 835 Redeuntlbus
413 779 526 845 nunc,
558 751 681 845 Ciues,
713 755 816 832 sacris
832 746 1048 833 Academiae
1069 753 1215 830 nostrae

140 871 411 960 anniuersariis,
456 870 659 968 exalioque
691 870 785 947 adeo
813 873 949 946 iterum
980 892 1100 954 anno,
1146 871 1214 967 qui

140 986 240 1064 sacro
260 986 348 1062 huic
365 998 546 1084 computo
565 983 725 1074 accedit,
756 987 813 1071 (et
835 987 972 1060 vtinam
997 986 1036 1058 in
1055 987 1214 1060 immen-

141 1101 214 1176 sam
234 1123 419 1178 annorum
444 1099 622 1175 summam
643 1097 878 1190 excrescatl)
910 1097 934 1174 sr
952 1098 1042 1173 nihil
1064 1121 1133 1173 nec
1150 1096 1216 1172 ad-

142 1213 298 1291 modum
313 1213 451 1291 laetam
466 1237 535 1290 aec
552 1213 754 1290 admodum
771 1214 879 1302 triste,
911 1211 1013 1312 quod
1034 1215 1211 1295 euenerit,

142 1351 347 1405 memorare
372 1324 579 1425 pollumus,
625 1326 803 1404 habemus
827 1330 867 1402 in
894 1352 940 1403 eo
966 1326 1065 1426 ipso,
1108 1325 1215 1427 quod

145 1442 191 1517 de
213 1465 290 1540 rep.
310 1441 404 1517 salua
432 1457 469 1518 et
487 1441 687 1528 incolumi,
725 1464 923 1541 rerumque
949 1442 1040 1517 statu
1065 1443 1216 1537 integro

145 1570 183 1633 et
203 1556 338 1641 stabili,
377 1555 548 1654 gratulari
572 1554 773 1654 pollinrus;
832 1578 1061 1656 quanquam,
1090 1556 1128 1629 in
1145 1554 1215 1629 hac

145 1670 217 1769 ipsa
242 1671 480 1770 aequabiliter
503 1669 672 1771 prospera
704 1668 873 1759 fortuna,
918 1670 1034 1745 nralta
1065 1668 1217 1767 publice
1266 1695 1269 1725 ¹

147 1784 240 1860 laeta
265 1800 302 1859 et
326 1784 481 1860 secunda
516 1787 770 1882 contigerunt,
819 1808 905 1860 eum
932 1783 1217 1859 beneuolentiae

146 1896 259 1996 Regis
282 1895 429 1998 Optimi
448 1921 533 1997 erga
557 1923 624 1975 nos
648 1913 705 1975 tot
723 1913 872 1996 tamque
889 1898 1087 1996 praeclaras
1105 1895 1218 1995 srgni-

147 2010 353 2097 ficationes,
399 2036 506 2089 curae
533 2028 655 2087 autem
684 2035 725 2088 ac
749 2013 884 2089 tutelae
909 2011 1070 2089 Parentis
1102 2012 1217 2089 nostri

146 2129 374 2213 communis,
409 2124 667 2213 Mancinum,
705 2143 780 2202 tam
795 2125 904 2224 plena
929 2125 1076 2203 affatius
1101 2125 1215 2224 ligna,

76 2245 78 2250 '
146 2263 188 2317 ac
213 2243 337 2338 potius
362 2255 623 2326 monumenta,
664 2262 880 2316 enumerare
906 2243 944 2316 in
976 2254 1126 2338 promtu
1154 2238 1216 2333 srt;

146 2378 265 2453 nuper
284 2353 433 2452 quidem
453 2357 561 2448 etiam
579 2354 663 2440 hoc,
694 2353 797 2453 quod
814 2353 926 2453 Regis
943 2352 1089 2454 Optimi
1106 2353 1219 2429 frater

146 2466 404 2544 amantillimus
446 2465 608 2545 Serenils.
623 2466 715 2545 Dux
731 2462 973 2557 Glocestriaeg
1005 2492 1061 2544 res
1078 2469 1217 2544 nostras

147 2581 323 2679 inspicere
348 2605 426 2656 non
450 2582 500 2657 cst
524 2582 753 2678 dedignatus.
814 2581 921 2676 Quae
948 2607 1032 2659 cum
1058 2585 1108 2657 ita
1135 2580 1217 2670 srnt,

146 2695 324 2773 habemus
342 2698 479 2793 vtique,
512 2697 614 2794 quod
633 2696 809 2785 sollennia
828 2697 1067 2772 anniuersaria
1083 2709 1120 2770 et
1135 2695 1220 2795 lup-

149 2811 367 2910 plicationes
395 2808 561 2910 publicas
586 2813 624 2886 in
646 2835 675 2885 a.
693 2810 727 2885 d.
749 2808 986 2912 XVll.Sept.
1018 2835 1038 2886 e
1061 2809 1219 2887 Senatus

148 2925 347 3001 academici
375 2925 543 3013 decreto,
578 2927 645 3003 rite
677 2925 907 3017 indicamus3
966 2946 1127 3022 cumque
1153 2923 1228 2998 ille.

148 3039 226 3114 dies
246 3063 291 3115 ex
316 3039 439 3119 iisne,
483 3060 579 3136 quos
606 3041 787 3116 maiorum
815 3062 896 3114 mos
916 3052 959 3116 et
981 3040 1072 3115 ritus
1097 3036 1218 3114 cultui

148 3153 279 3229 diuino
303 3153 458 3251 publico
484 3153 728 3240 consecrauit,
767 3153 922 3228 ducetur
948 3153 1101 3251 quidem
1129 3176 1158 3226 a.
1178 3151 1216 3228 h.

148 3262 218 3344 IX.
250 3290 387 3366 pompa
404 3291 450 3340 ex
467 3289 571 3342 more
591 3271 629 3343 in
657 3267 840 3365 templum
855 3267 1123 3354 academicum,
1154 3264 1226 3341 sed.

148 3382 324 3457 orationis
348 3380 456 3467 loco,
492 3403 603 3478 quam
632 3381 756 3456 haberi
781 3403 863 3457 mos
894 3379 963 3470 est,
999 3384 1101 3455 inter
1119 3379 1217 3455 sacra

147 3493 315 3593 publica,
344 3491 412 3569 Vir
429 3494 578 3572 Summe
604 3494 863 3584 Reuerendus,
909 3492 1065 3593 Collega
1094 3492 1218 3571 noster

146 3606 474 3696 c⁰niun<iiffin1us2
510 3602 558 3690 G.
580 3601 626 3691 T.
640 3600 862 3691 Zachariae
886 3607 958 3697 u,
987 3612 1052 3709 qui
1070 3607 1138 3684 illo
1157 3607 1224 3684 die·

146 3724 257 3798 verba
275 3723 294 3797 'e
312 3723 481 3820 suggestu
503 3723 614 3799 faciet
637 3724 680 3798 ad
704 3727 802 3820 piam
824 3726 1071 3811 concionem,
1101 3746 1219 3819 expo-

145 3832 219 3912 sitis
242 3860 310 3934 pro
331 3837 433 3913 solita
448 3837 618 3922 facundia
637 3840 777 3926 ceteris,
807 3861 900 3936 quae
915 3839 1057 3937 pietatis
1076 3836 1226 3913 sensum·

144 3949 330 4027 inanimis
359 3954 517 4026 excitare
537 3951 689 4050 pollrnt,
719 3949 790 4027 deo
812 3965 896 4048 aget
920 3951 1120 4029 immortali
1138 3975 1219 4049 gra-

144 4066 211 4140 tias
225 4090 267 4143 ac
294 4082 378 4141 vota
400 4064 547 4163 publica
572 4065 764 4164 persoluat
825 4064 905 4141 Vos
924 4069 1054 4164 igitur,
1081 4064 1218 4141 quen-

144 4183 233 4257 tatis
257 4179 522 4257 llorentillnnae
546 4178 753 4279 Principes,
783 4177 948 4256 Comites
976 4178 1216 4268 Illustriffimi,

144 4298 330 4396 ceterique
360 4291 471 4373 Citius
496 4318 651 4396 genere,
691 4297 869 4397 ingeniis,
904 4297 1071 4387 moribus
1096 4293 1227 4383 Nobi„

1083 4407 1215 4498 lillrmi,
