2520 4950
174 705 223 778 μ
564 662 847 742 m...-

172 876 230 955 ap.
247 848 445 950 Polybium
463 849 521 939 m)
531 870 543 940 3
573 858 654 920 tum
673 840 829 920 Senatum
845 841 911 920 elo
927 844 1091 920 virorum
1117 833 1235 941 (ibid.)

172 971 213 1046 in
238 988 316 1065 quo
349 963 395 1039 de
420 960 504 1060 lege
526 957 737 1056 abroganda
767 959 954 1057 agendum
979 972 1064 1035 erat
1123 953 1233 1036 Etiam

174 1078 424 1160 Polemorchum
445 1077 678 1151 nominatum
696 1076 899 1172 reperimus
917 1072 982 1172 n);
1018 1087 1057 1149 et
1073 1071 1233 1168 Nopopu‘·

174 1208 312 1280 λαως,
343 1186 440 1292 quos
456 1188 581 1282 aliquo
598 1186 685 1263 loco
705 1185 872 1263 videmus
895 1185 1096 1278 maledicos
1121 1201 1159 1263 et
1180 1184 1234 1261 ad-

174 1306 367 1389 monendo
381 1319 418 1382 et
435 1301 629 1379 multando
643 1323 812 1378 coercere
830 1298 1004 1400 potuiffe3
1024 1315 1063 1375 vt
1078 1301 1170 1377 adeo
1185 1302 1235 1375 ius

174 1418 492 1502 animaduertendi
510 1440 574 1493 eos
602 1417 641 1490 in
669 1417 776 1490 certis
801 1415 926 1492 cauffis
949 1412 1108 1492 habuiffe
1134 1438 1238 1513 appa·

176 1551 264 1615 reat.
305 1531 390 1612 Erat
404 1533 503 1609 idem
520 1530 745 1629 magistratus
760 1525 917 1606 Athenis
932 1543 969 1606 et
984 1532 1021 1604 in
1041 1529 1120 1604 aliis
1131 1527 1239 1606 Grae·

175 1647 255 1730 eiae
276 1647 507 1735 ciuitatibus,
536 1667 614 1720 non
634 1641 762 1719 eadem
780 1657 903 1720 tamen
929 1645 964 1720 vi
989 1666 1030 1719 ac
1051 1645 1240 1743 potestate:

176 1767 239 1856 (v.
258 1762 527 1863 Harpocration
547 1764 582 1835 h.
599 1781 632 1833 v.
658 1756 786 1835 Suidas
803 1756 838 1832 h.
851 1781 884 1832 v.
913 1771 950 1833 et
971 1759 1068 1834 viros
1085 1757 1242 1847 nouos.)

176 1876 313 1957 Cicero
330 1878 368 1953 de
380 1873 461 1952 nt.
482 1870 550 1962 III,
566 1895 628 1946 20.
660 1871 881 1971 conquestus
899 1871 1027 1972 legum
1044 1871 1243 1951 custodiam

176 1991 322 2072 Romae
343 1987 411 2066 effe
430 1987 592 2070 nullam.
623 1988 746 2084 itaque
769 2009 827 2062 eas
853 1987 899 2062 ab
915 1987 1183 2086 apparitoribus
1210 1998 1245 2061 et

176 2107 345 2183 librariis·
353 2106 450 2204 peti,
480 2102 641 2179 subiicit:
683 2099 803 2178 Graeci
823 2100 884 2178 hoc
907 2104 1116 2197 diligentius,
1154 2098 1246 2201 opud

176 2245 258 2322 quor
279 2218 542 2320 Nomophyloces
569 2227 741 2297 cruentare
780 2241 835 2291 nec
855 2215 889 2291 tn·
907 2216 1016 2320 solum
1041 2216 1167 2292 litteras
1191 2251 1243 2267 ·-

168 2334 356 2449 sedetiam
379 2330 478 2436 saffo
500 2331 665 2419 homiuum
693 2327 911 2436 observabant
946 2330 995 2408 ud
1028 2329 1170 2431 legesque
1197 2357 1245 2406 re·

176 2447 352 2529 vocatur.
480 2496 481 2505 κ

292 2644 338 2725 In
367 2644 492 2722 numia
519 2655 641 2720 tamen
666 2635 716 2744 o)
749 2667 832 2722 raro
857 2643 1081 2744 magistratus
1110 2671 1247 2725 nomen

172 2768 245 2841 saut
265 2775 355 2840 nota
382 2761 553 2837 occurrit.
612 2756 730 2836 Numi
748 2761 868 2847 aurei,
896 2766 1060 2856 argentei
1082 2775 1119 2837 et
1142 2764 1247 2850 aerei,

179 2890 278 2979 'quos
294 2900 314 2952 a
331 2877 452 2951 numis
470 2869 689 2961 Locrorum,
719 2869 975 2972 Opuntiorum
993 2887 1030 2950 et
1039 2870 1247 2953 Ozolarum

180 2991 384 3069 discernere
399 2987 584 3064 interdum
606 2983 754 3062 difficile
771 2987 832 3076 est,
864 3001 1039 3086 tanquam
1055 2993 1247 3090 proprium

177 3116 315 3205 'typum
330 3104 468 3180 habent
482 3098 585 3202 Jovis
604 3115 715 3201 caput
738 3100 928 3176 barbatum
938 3126 950 3198 3
986 3127 1071 3178 cum
1087 3126 1167 3204 quo
1180 3104 1247 3180 fre-

184 3231 342 3323 quenter
350 3215 509 3317 aquilam
521 3214 640 3313 lepori
657 3213 860 3291 inhiantem
872 3229 935 3291 aut
949 3240 1033 3293 eum
1048 3216 1247 3318 discerpen-

184 3345 261 3413 tem
278 3330 420 3419 videas,
447 3341 510 3406 aut
526 3330 634 3404 etiam
650 3327 803 3404 fulmen.
862 3327 1007 3430 Jupiter
1027 3353 1180 3431 quoque
1201 3333 1247 3408 ie·

173 3445 278 3525 “dens
303 3443 473 3522 occurrit
531 3438 718 3519 Palladem
741 3465 826 3520 cum
842 3438 977 3543 Pegaso
1000 3443 1046 3521 ad
1067 3447 1247 3635 origpem

265 3596 268 3605 ·
1175 3584 1247 3635 tm-

170 3848 173 3856 ,
231 3769 288 3852 m)
309 3767 387 3833 axe.
405 3766 540 3833 nexu.
562 3766 644 3849 (To.
662 3765 702 3833 ΙΙ.
725 3786 756 3853 p.
771 3767 864 3852 334.)
891 3789 926 3833 ee
940 3780 1042 3834 tamen
1058 3769 1247 3843 conditione.

300 3862 450 3933 quantum
469 3849 676 3932 intelligitur,
694 3865 738 3923 vt.
761 3855 783 3916 sr
804 3853 905 3935 legem
920 3853 951 3916 iu
966 3855 1054 3917 eiiam
1070 3867 1188 3937 partem
1206 3854 1247 3917 in·

300 3939 545 4017 temerabunt,
566 3935 630 4016 ipse
645 3955 707 3998 nou
725 3935 832 4001 minue
845 3956 935 4019 quem
949 3938 1028 4000 niter
1047 3959 1086 4002 ex
1102 3939 1247 4021 litigenti·

300 4019 360 4083 bne
385 4019 495 4100 lequeo
519 4021 559 4080 de
577 4020 699 4083 ceruice
718 4022 874 4099 pendente
896 4020 1034 4086 diceretr
1067 4025 1150 4107 quod
1171 4022 1247 4086 forte

266 4157 269 4164 .
290 4103 404 4194 ,minue
426 4113 570 4168 accurate
587 4114 753 4170 uenatum.

169 4284 174 4294 ,
229 4215 277 4296 tr)
299 4214 335 4278 Io
357 4213 513 4278 Heracliti.
537 4212 649 4294 fragm.
674 4234 703 4314 p.
719 4219 773 4314 ap.
794 4212 887 4314 Cena.
913 4214 963 4279 vbi
985 4215 1025 4280 de
1048 4216 1174 4302 periuro
1195 4216 1247 4280 ho·

168 4365 173 4381 ⁸
302 4298 416 4361 minen
433 4296 570 4361 musteiie
585 4297 737 4362 diuinrtue
749 4295 886 4363 ammtffiu
900 4301 1025 4379 punito.
1066 4298 1247 4383 Νομοφόλο·

301 4405 356 4462 rue
376 4384 519 4444 inuenies
539 4400 587 4462 ep.
605 4380 695 4446 Stob.
719 4401 748 4463 p.
766 4393 847 4456 280.
873 4395 921 4454 18.

210 4566 215 4581 x
231 4492 278 4576 ο)
300 4512 328 4559 r.
350 4492 497 4577 Meguan.
516 4491 643 4557 Bruttio
656 4491 864 4577 numismatitu
883 4495 946 4561 tab.
961 4469 1004 4577 ’67
1019 4492 1083 4580 sqq.
