710 1313
115 215 155 237 382

114 257 177 280 captae
190 254 238 273 sunt.
272 253 328 273 Binae
340 256 401 272 autem
412 253 456 272 illae
468 253 540 278 spioee,
561 253 642 279 paffimin
665 252 668 265 “

113 283 180 303 Siculis
189 283 251 302 numis
260 283 336 304 obuiae,
353 282 376 301 ad
384 282 479 307 duplicem
487 282 565 302 meffem
574 283 642 302 felicem-
665 280 668 293 ⁴

114 317 152 336 que
165 311 253 330 frumenti
264 314 377 336 prouentum
387 311 406 330 in
415 311 464 335 agris
475 310 551 331 Siciliae
560 311 641 331 deelann-
665 309 668 321 ¹

113 340 160 359 dum
172 340 238 359 valent.
664 332 668 350 ¹

172 369 204 388 111.
225 369 286 393 Caput
297 367 368 387 Romae
381 367 478 392 galeatum.
492 367 520 387 X.
544 373 566 384 =
586 367 639 394 Eques.
665 365 668 379 ¹

113 397 171 417 citato
183 402 233 422 equo
242 396 321 416 insidens
328 411 333 419 ‚
348 402 405 421 quem
412 396 521 421 Philippum
530 396 639 416 Macedoniae
666 396 668 406 ⁴

114 431 189 450 regem,
205 424 264 445 Persei
275 429 355 450 patrem,
373 424 435 444 edunt.
465 425 483 444 A
492 429 549 450 tergo
557 427 604 451 equi
616 426 639 444 fm
665 416 668 436 ]

114 455 155 474 ticis
164 459 224 479 genus
232 455 327 479 ignotum:
340 454 360 473 in
372 453 434 473 nostro
442 459 501 473 numo
509 454 564 473 arista
574 455 602 474 est
612 460 639 474 acu
666 451 668 463 ¹

113 483 170 505 leata,
187 483 280 508 quaternis
293 482 342 501 foliis
356 483 433 501 munita.
466 482 533 507 Veptis
546 489 609 508 genus
619 481 640 502 effe
665 480 668 492 ¹

114 511 205 531 coniestat
212 511 357 536 Hauercampus,
363 517 401 536 quo
409 510 529 535 designentur
535 511 594 531 saltus
602 511 641 532 iunii.

114 546 147 565 per
156 545 204 565 quos
212 539 325 563 QMarcius
335 539 431 564 Philippus
441 539 482 559 Coc
491 540 515 559 V.
520 540 542 559 C.
552 544 592 564 585
603 546 642 559 extr·
667 540 668 556 l

113 569 171 588 citum
187 568 272 588 aduersus
286 567 370 587 Perseum
383 568 441 588 duxit.
485 566 567 592 (Nimis
583 572 642 594 argute,

114 603 170 622 quam
183 600 203 616 vt
212 596 267 616 fidem
275 597 334 616 facere
345 596 403 622 poss'm
434 596 483 616 Tum
492 596 582 616 Perseum
591 598 643 622 pon'us
667 605 668 610 ¹

114 625 198 645 exhiberi
209 629 267 650 putes.
303 625 342 644 Nifi
356 626 434 645 omnino
446 631 502 650 eques
514 625 643 645 Macedonicus
667 628 668 631 ’

113 653 183 674 εΗὶᾱιιε
193 654 228 674 est:
241 654 303 673 frutex
311 657 373 673 autem
381 654 479 674 obscurum
488 653 611 674 Macedonici
620 654 644 673 ali-
667 658 668 670 ἱ

114 683 168 703 cuius
180 683 246 702 tradus
257 683 288 702 seu
296 683 334 702 loci
346 682 450 708 symbolum
463 682 581 707 habendus.)
596 682 644 706 QPl-

114 710 190 732 LIPVS.
206 711 292 737 (antiqua
301 710 399 736 scriptura)
420 710 501 731 ROMA.
525 711 643 733 Manu.l,6.

171 740 201 760 lV.
221 740 282 765 Caput
297 740 392 765 Apollinis
405 740 514 759 laureatum.
537 748 560 758 =
578 740 642 760 Silenus

113 769 161 788 stans
174 774 231 788 manu
244 769 323 790 eleuata,
344 768 438 787 saltantem
449 768 531 792 diceres;
556 769 644 791 caudatus,

114 797 229 822 subligaculo
236 796 312 820 cinctus,
326 800 384 816 vtrem
393 797 472 816 humero
481 797 591 822 impolitum
600 797 644 817 laeua
667 806 668 815 l

114 829 186 846 tenens.
201 826 218 845 A
227 829 281 850 tergo
292 825 393 845 columella
400 831 444 845 cum
451 825 513 850 fignu;
527 825 644 845 Victorinum

114 854 145 873 alii
157 853 263 879 agnoscunt-
283 854 305 874 L.
318 853 455 875 CENSOrinut.
488 853 571 873 Videtur
586 855 601 874 is
616 853 644 873 effe

114 882 136 902 L.
144 882 226 902 Marcius
235 881 358 905 Censorinus,
372 883 428 908 quia.
436 884 474 906 605
488 882 560 902 Consul
572 883 616 905 fuit,
630 885 645 901 et

114 917 171 936 quem
183 912 231 930 circa
240 910 329 930 Liberalia
337 911 407 936 aliquid
416 910 490 931 nouaffe
498 915 530 930 aut
536 911 588 931 forte
596 911 645 931 ludos

113 940 194 959 scenicos
205 939 279 959 edidiss'e
291 940 375 965 suspicari
383 940 486 963 malumus,
499 945 557 965 quam
569 940 645 965 argutiis
663 937 666 961 Ι

113 967 209 987 Vaillantii
220 972 239 987 et
250 967 380 993 Hauercampii
388 968 488 988 admittere.
504 968 574 988 Mona.
581 969 597 989 1.
603 975 621 992 7.

170 997 193 1017 V.
207 996 257 1016 Anci
266 996 333 1016 Marcii
346 1000 366 1016 et
377 996 450 1016 Numae
461 996 534 1022 Regum
548 998 610 1022 cupita
623 997 648 1016 iu-

114 1029 165 1051 gata,
173 1028 273 1050 vtrumque
286 1025 317 1051 (in
327 1025 389 1045 nostro
397 1025 467 1049 numo)
476 1025 580 1045 diademate
589 1026 648 1045 reuin-

114 1054 170 1077 stum,
175 1054 222 1073 illud
231 1057 294 1073 tamen
302 1055 404 1076 barbatum,
417 1054 496 1073 alterum
502 1054 545 1077 hoc,
553 1054 608 1080 quod
615 1054 647 1073 mi-

114 1083 169 1105 reris.
183 1083 267 1102 imberbe
278 1083 295 1108 ι)
313 1088 334 1099 =
347 1082 436 1103 Desultor
449 1088 506 1108 eques
519 1083 575 1102 binos
592 1088 648 1108 equos

569 1112 648 1131 concita-

135 1151 152 1171 t)
165 1150 199 1167 Nee
209 1152 260 1167 tumen
276 1150 296 1167 de
311 1151 439 1172 interpretatione
453 1151 507 1168 vultiu
520 1151 592 1168 dubium
610 1152 649 1169 licet.

171 1177 207 1188 cum
215 1172 242 1188 nni
249 1172 290 1188 nerei
301 1172 360 1189 exstent
371 1172 407 1193 ipsis
418 1173 509 1189 nominib-u
521 1172 593 1190 edieffis.
667 1175 668 1180 ¹
