2550 4852
154 606 235 697 276
552 585 837 643 ...Q-..-

154 765 342 861 chaonis
354 762 460 847 ,filios
484 762 572 841 fecit
589 783 637 837 ex
655 758 807 838 Arcadia
824 762 863 836 in
888 761 1036 845 italiam
1054 764 1226 864 professos
1250 856 1252 858 ,

156 880 345 962 Nicander
360 876 550 979 Iapygem,
559 872 738 953 Daunum
749 873 1028 954 etPeucetium:
1049 903 1085 958 v.
1097 884 1223 958 Anton.
1250 946 1252 951 .

156 995 249 1075 Met.
265 1017 281 1089 3
297 1020 326 1069 ι.
362 988 509 1068 Venisse
526 992 564 1066 in
587 1013 628 1065 ea
646 989 729 1068 loca
748 985 976 1067 Diomedem
994 990 1114 1070 Troia
1130 995 1226 1071 redu-

159 1134 259 1204 cem,
291 1103 562 1184 celebratissima
586 1106 682 1183 inter
699 1101 862 1180 Graecos
886 1103 958 1181 suit
988 1104 1090 1184 fama
1113 1103 1170 1208 (v.
1187 1109 1226 1185 ad

158 1220 329 1301 AenXs.
361 1213 538 1319 Exc.1.);
566 1219 779 1318 gerentibus
805 1231 884 1295 turn
903 1216 1069 1296 Dauniis
1094 1221 1227 1299 bellum

160 1361 247 1416 cum
265 1331 461 1434 Messapiis,
488 1330 685 1408 auxiliatus
703 1331 919 1430 hospitibus,
951 1357 1065 1432 agros
1092 1337 1226 1412 abillis

158 1455 319 1550 accepit,
347 1471 442 1548 quos
468 1443 711 1524 Dorienfibus
734 1445 886 1540 diuidit3
922 1469 1019 1546 quos
1052 1451 1149 1527 adeo
1172 1451 1226 1527 ad·

159 1562 298 1643 duxisse
326 1562 445 1662 putari
464 1561 574 1642 debet
590 1583 675 1635 cum
691 1555 839 1636 Achiuis
846 1585 859 1652 3
886 1584 974 1637 nam
993 1561 1035 1638 hi
1059 1578 1140 1641 tum
1167 1563 1225 1642 Ar·
1251 1563 1252 1568 ‘

157 1703 226 1780 gos
249 1676 474 1763 insidebant,
516 1688 554 1751 et
569 1696 633 1750 eos
650 1669 854 1750 Diomedes
881 1675 927 1750 ad
941 1673 1100 1759 Troiam
1117 1679 1225 1756 duxe-

155 1808 222 1873 rat.
270 1790 478 1870 insederant
495 1784 696 1895 Cretenses,
715 1809 762 1863 ex
778 1784 886 1864 Creta
900 1787 961 1867 seu
978 1812 1069 1868 cum
1084 1791 1223 1882 Minoe,

156 1911 218 1987 seu
243 1930 329 1984 cnm
353 1901 523 1981 Daedalo
548 1900 722 2002 profesti,
755 1900 817 1991 seu
840 1898 1028 1980 Glaucum
1054 1929 1223 2006 quaerere

157 2019 236 2101 iussi
263 2018 319 2118 (v.
337 2018 382 2093 ad
406 2014 538 2114 Virgil.
566 2014 718 2093 Aeneid.
736 2010 818 2091 Vll.
848 2011 1051 2096 Excutit.
1084 2044 1121 2120 p.
1141 2046 1221 2118 154

157 2131 217 2235 (p.
236 2137 325 2228 136.
343 2155 396 2232 pr.
416 2130 510 2226 ed).
569 2128 692 2206 Multa
717 2131 894 2228 Iapygum
910 2130 1007 2205 bella
1021 2132 1128 2210 suere
1143 2158 1222 2211 cum

157 2246 320 2336 Graecis,
332 2245 499 2345 inprimis
514 2267 600 2320 cum
609 2240 837 2320 Tarentinis:
869 2243 917 2323 ef.
926 2244 1004 2343 sup.
1014 2238 1222 2325 Prolules

156 2383 299 2464 p.227.
360 2364 513 2458 iapygas
534 2355 736 2456 aliqnando
760 2354 907 2435 luxurie
932 2376 1133 2460 corruptos
1157 2358 1219 2439 esse
1255 2402 1257 2409 ⁴

155 2469 277 2552 narrat
293 2474 500 2552 Athenaeus
514 2469 577 2547 lib.
589 2466 680 2551 Xll.
706 2494 744 2570 p.
762 2492 837 2564 522
856 2469 894 2547 F.
913 2497 1002 2566 523.
1065 2472 1126 2554 Est
1141 2475 1218 2553 rlnt

155 2589 300 2668 Galatei
318 2587 467 2664 libellus
482 2585 529 2662 de
560 2585 729 2683 Iapygiae
747 2580 927 2663 limitibus
949 2586 1107 2666 insertus
1135 2613 1221 2690 quo-

155 2726 229 2807 que
249 2702 355 2780 Thes.
380 2701 457 2777 ital.
491 2697 562 2776 To.
577 2695 642 2775 lX.
674 2695 767 2777 RV.
824 2700 1065 2780 Antecedunt
1081 2705 1170 2781 ibid.
1189 2718 1221 2781 et

154 2821 358 2918 sequuntur
376 2816 455 2903 alii,
486 2828 526 2889 vt
544 2811 657 2892 Gabr.
673 2809 785 2889 Barrii
805 2815 850 2890 de
869 2816 1090 2914 antiquitate
1106 2830 1145 2895 et
1160 2816 1220 2895 situ

155 2929 355 3009 Calabriae.
429 2927 582 3006 Nemini
604 2939 727 3003 tamen
755 2927 880 3004 ausior
910 2927 993 3018 sim,
1028 2944 1075 3008 'vt
1105 2933 1219 3009 bonae

153 3162 282 3237 critico
307 3178 345 3236 et
358 3157 497 3234 iudicio
515 3155 689 3232 historico
712 3157 867 3233 omnino
889 3156 973 3233 sunt
989 3156 1167 3242 destituti.

223 3338 226 3345 ,
267 3268 297 3348 Ε
327 3267 486 3373 Theffoliu
511 3265 735 3345 discesserant
751 3270 798 3359 ii,'
834 3274 901 3370 qui
924 3271 1082 3349 Petiliam
1105 3268 1219 3353 Luca·

152 3388 296 3474 carniae,
336 3408 422 3472 cum
454 3382 592 3488 Crimisa
614 3385 653 3458 in
680 3382 812 3461 iisdem
845 3384 958 3475 loeis,
1006 3401 1043 3463 et
1065 3388 1220 3492 Egestam

151 3496 296 3576 Siciliae
321 3497 472 3587 (Strabo
487 3495 554 3575 Vl.
583 3520 619 3597 p.
637 3520 729 3592 390.
740 3494 782 3574 A.
796 3491 881 3596 B.),
925 3492 973 3576 ex
1003 3498 1141 3578 Aetolis
1162 3527 1220 3580 au·

151 3628 248 3704 tem,
280 3614 447 3714 quicum
471 3609 643 3687 Thoante
663 3625 856 3701 venerant,
886 3614 932 3702 ii,
965 3615 1031 3713 qui
1061 3616 1219 3720 Tenusan

150 3727 412 3805 condiderant:
433 3720 661 3826 (Strabon.
688 3748 727 3824 p.
742 3747 832 3821 392.
853 3723 932 3824 Q),
964 3729 1114 3808 tandem
1130 3732 1220 3807 Pho·
1253 3778 1254 3781 π

147 3843 267 3944 censes,
300 3838 392 3940 Epei
407 3841 578 3929 comites,
619 3836 807 3935 Logariana
832 3863 909 3917 non
933 3838 1050 3942 longe
1074 3842 1220 3924 aThu.

147 3957 213 4032 riis
246 3953 398 4032 tenuisse
426 3954 658 4032 serebantur:
690 3949 847 4048 (Strabo
866 3956 927 4033 Vs.
972 3979 1012 4056 p.
1031 3982 1129 4056 404.
1152 3952 1218 4061 C.)

146 4071 375 4151 Herculanum
412 4084 450 4146 et
491 4067 645 4166 Pompeii
678 4067 775 4142 inter
811 4069 918 4144 vrbes
963 4072 1218 4173 antiquitusa

149 4181 299 4259 Graecis
325 4182 493 4259 conditas
518 4179 746 4257 reseruntur:
772 4180 832 4258 sed
857 4181 1011 4260 obscura
1032 4186 1218 4264 estomnis

148 4297 193 4374 de
218 4310 344 4374 'earum
368 4295 575 4396 originibus
606 4293 711 4374 fama
770 4292 1027 4375 Herculanum
1053 4299 1102 4377 ad
1125 4299 1217 4379 Her-

1092 4415 1215 4494 culcm
