2542 5146
81 245 209 339 ..d

517 545 802 609 m

122 608 206 682 424
520 605 731 627 “·“““““““
792 611 796 623 “
1172 687 1174 710 Ἰ

124 746 381 844 ornataellet3
407 761 447 827 vt
464 747 557 827 adeo
571 748 729 838 historia,
754 747 1009 825 recentiorum
1032 745 1202 846 inprimit

127 876 357 962 temporum,
397 865 444 941 ad
475 864 577 940 vsum
604 866 698 940 vitae
727 862 1053 940 accommodatius
1088 858 1206 960 pollet

127 978 222 1053 tradi
246 983 354 1078 eique
370 976 433 1056 Ius
449 977 643 1079 publicum
658 978 829 1055 German.
849 977 1072 1077 superstrui,
1103 972 1205 1074 quod

127 1093 167 1166 in
184 1091 267 1190 ipsis
283 1096 444 1191 negotiis
461 1106 498 1168 et
513 1089 642 1170 officiis
658 1092 810 1169 vtilitate
824 1091 885 1168 lua
902 1091 935 1166 le
956 1090 1203 1188 approbarem
1249 1178 1250 1181 Ἴ

129 1203 156 1280 fi
183 1205 335 1304 quidem
368 1206 626 1284 Mvucuuvsrr
650 1229 736 1283 cura
759 1230 800 1283 ea
829 1205 1047 1281 adiumenta
1074 1204 1204 1302 suppe-

131 1319 245 1396 ditata
274 1320 444 1411 fuerunt,
493 1323 629 1420 quibus
660 1321 857 1398 academici
892 1320 963 1393 viri
988 1320 1057 1392 vix
1088 1317 1203 1392 solent
1261 1367 1262 1409 2

132 1437 257 1535 potiri.
317 1433 451 1515 lisdem
474 1434 658 1536 praesidiis
674 1435 842 1511 instruila
862 1433 933 1509 fuit
948 1456 1120 1530 terump.
1138 1428 1203 1507 Eu·

132 1571 352 1646 ropaearum
378 1552 509 1627 notitia
531 1548 705 1649 politica,
747 1562 829 1626 tum
856 1547 1004 1624 scientia
1036 1547 1202 1645 politica,

134 1685 221 1738 cum
243 1660 328 1740 lure
352 1664 507 1764 publico
529 1663 720 1740 uniuersali
737 1661 870 1740 etlure
886 1659 1073 1737 Gentium
1089 1656 1205 1736 Euro-

134 1799 326 1875 paeatum,
356 1778 460 1878 quod
484 1781 523 1853 in
540 1777 756 1864 more,·vsu
781 1796 818 1854 et
840 1773 1115 1853 consuetudine
1143 1797 1209 1872 po

134 1889 241 1967 situm
259 1893 328 1983 elt3
374 1890 504 1972 iisdem
530 1890 713 1990 praefidiis
736 1906 774 1968 et
799 1892 915 1991 copiis
937 1887 1206 1975 numismatica,
1258 1968 1259 1972 Ν

136 2003 372 2103 diplomatica
390 2019 427 2082 et
443 1988 637 2082 heraldiea.
683 2004 880 2086 Terrarum
896 2000 1208 2102 populorumque

137 2117 390 2218 descriptionis
423 2121 655 2197 accuratioris
686 2121 789 2196 initia
813 2117 1122 2195 Mvucnnvsrvn
1147 2138 1209 2190 ex·

134 2245 238 2329 perta
264 2232 348 2309 lunt
372 2234 554 2311 fautorem
571 2233 775 2328 summum3
810 2230 970 2310 Historia
992 2253 1086 2306 vero
1112 2230 1212 2305 litte-

135 2349 245 2435 raria,
272 2370 366 2447 quae
386 2350 458 2423 iam
481 2362 565 2425 ante
590 2345 793 2448 Gottingae
818 2342 1042 2423 incunabula
1068 2343 1130 2419 sua
1147 2343 1212 2419 ha·

137 2459 286 2549 buerat,
323 2462 449 2538 eadem
473 2459 560 2540 Eius
584 2481 693 2552 cura,
730 2457 1010 2538 instruilillrmae
1035 2459 1210 2557 inprimis

138 2574 385 2652 bibliothecae
413 2579 551 2675 copiis,
594 2577 719 2652 auibus
748 2574 907 2673 infignes
927 2574 1081 2670 accepit.
1162 2569 1210 2648 In

137 2688 358 2788 theologicis
374 2690 571 2789 disciplinis
584 2689 867 2788 superstitiosum
881 2702 918 2764 et
932 2686 1213 2787 puhllanimum

138 2825 271 2900 prauae
288 2803 442 2881 alicuius
462 2805 666 2883 acerbitatis
683 2804 840 2880 studium
855 2824 987 2900 magna
999 2796 1089 2878 Eius
1104 2824 1213 2876 mens

136 2940 333 3017 nunquam
357 2922 456 3020 cepit
481 2943 551 2996 nec
566 2917 725 3012 admifit3
754 2942 846 3018 pura
872 2931 909 2992 et
928 2915 1021 3001 teila
1044 2911 1117 2990 elle
1136 2916 1214 3014 pie-

139 3034 222 3107 tatis
249 3032 385 3122 studia,
429 3032 633 3110 doitrinam
663 3047 786 3109 autem
816 3031 1087 3128 theologicam,
1132 3052 1214 3104 non

138 3145 301 3221 formula
327 3146 467 3246 aliqua,
498 3149 595 3223 inter
614 3145 884 3224 controuersiae
902 3156 939 3220 et
955 3142 1216 3241 disputationis

139 3259 295 3349 aelium,
321 3263 457 3360 iurgia,
488 3262 614 3350 studia,
646 3259 749 3347 nata.
770 3259 832 3337 led
848 3258 1110 3359 philologieis,
1144 3259 1217 3333 cri·

138 3374 238 3461 ticis,
267 3374 446 3452 hilioricis
461 3368 711 3453 fundamentis
726 3373 960 3452 substruiiam
984 3368 1053 3448 elle
1077 3369 1215 3447 voluit.

139 3483 270 3585 Itaque
280 3487 509 3579 litterarum,
539 3491 783 3589 inprimisque
800 3487 974 3568 Graeciae
989 3480 1217 3562 erorientis

138 3603 293 3691 veteris,
322 3619 459 3701 quanta
475 3602 608 3681 decora
631 3602 833 3701 Gottingae
850 3595 1069 3676 extiterunt!
1128 3595 1218 3676 Do·

139 3731 307 3813 ginatum
321 3717 472 3794 tandem
485 3717 782 3817 symbolicacque
797 3714 1008 3812 theologiae
1030 3726 1068 3788 et
1085 3736 1218 3790 rerum

142 3828 461 3908 eccleliasticarum
473 3832 620 3909 historia
638 3833 864 3922 incrementa
883 3831 1063 3904 internos
1081 3825 1219 3904 habuit

142 3956 261 4034 tanta,
306 3960 442 4045 quanta
461 3969 509 4022 ex
533 3944 687 4032 meliore
709 3941 967 4046 philosophia,
994 3942 1222 4040 interpreta-

142 4059 246 4134 tione
276 4073 313 4140 et
337 4059 494 4136 letiione
518 4059 564 4135 ad
594 4061 737 4140 critices
770 4057 933 4161 lapidem
960 4051 1124 4159 Lydium
1149 4079 1220 4133 ex·

142 4172 286 4272 plorata
309 4173 490 4276 expe-itari
513 4175 646 4276 potuit

1130 4386 1219 4466 Nec
