2550 4852
1259 329 1262 352 .

1260 403 1262 438 i

1259 451 1262 566 l

155 571 235 645 242
549 535 832 591 εει-...-
907 642 908 645 p

154 721 280 800 Postea
315 725 356 798 in
375 661 510 811 'bello‚
558 723 662 822 quod
692 746 778 800 cum
804 723 1020 803 Tarentinis
1045 726 1220 827 gesserunt
1260 709 1262 760 Ψ

155 835 334 920 Romani,
378 839 458 937 post
482 834 611 937 Pyrrhi
634 840 672 912 in
699 836 860 915 Siciliam
884 837 1085 919 ‘dilccllum
1115 840 1160 918 V.
1181 841 1215 919 C.

13 974 42 997 0
152 959 247 1047 476.
275 974 305 1026 a.
326 946 367 1025 C.
395 965 495 1045 278,
529 955 572 1028 C.·
595 949 782 1029 Fabricius
811 948 892 1051 Col.
919 978 1007 1032 cum
1039 952 1217 1046 Lucanos,

66 1144 67 1147 ,
148 1059 332 1154 Bruttios,
363 1061 585 1142 Tarentinos
608 1065 862 1165 Samnitesque
895 1066 1099 1159 cecidisset,
1137 1075 1219 1148 ciui-

150 1193 242 1254 tates
266 1180 362 1253 inter
386 1177 473 1253 alias
498 1176 711 1255 Heracleam
738 1179 887 1256 foedere
912 1204 1033 1281 prope
1050 1182 1217 1284 fingulari

148 1292 319 1368 adiunxit
345 1296 407 1383 u).
466 1290 551 1369 Fuit
574 1296 698 1391 itaque
723 1317 764 1369 ea
791 1296 887 1395 inter
906 1295 1116 1375 foederatas
1134 1303 1218 1375 ciui-

148 1420 262 1495 tates,
291 1429 384 1505 quae
411 1403 464 1480 lui
495 1407 584 1482 iuris
613 1403 744 1495 ellent,
775 1406 841 1483 nili
866 1409 969 1507 quod
997 1433 1047 1486 ex
1072 1410 1215 1489 foedere

33 1514 42 1532 ⁶
147 1520 284 1597 auxilia
313 1533 350 1594 et
366 1519 466 1608 alia,
509 1524 548 1596 in
580 1543 674 1620 quae
701 1518 973 1611 conuenillent,
1011 1528 1215 1620 mitterent3

146 1657 270 1734 neque
303 1633 386 1722 illa,
435 1657 520 1711 curn
553 1632 654 1732 Lege
692 1630 791 1735 Julr'a
829 1638 955 1712 ciuitas
993 1636 1081 1715 ellet
1117 1640 1215 1718 sociis

148 1749 250 1836 data,
281 1742 356 1845 (V.
376 1743 416 1822 C.
438 1747 559 1846 664.)
593 1747 719 1845 legum
746 1749 882 1825 fundus
905 1751 995 1827 falla
1018 1751 1094 1830 elle
1120 1756 1214 1830 vide·

147 1876 228 1950 tur,
255 1859 315 1934 etli
339 1858 470 1958 finguli
497 1866 618 1951 ciues,
648 1877 758 1960 atque
775 1866 890 1938 'etiam
915 1865 1117 1961 aliquando
1142 1884 1213 1945 tota

146 1972 446 2053 Heracleensru'm
478 1975 597 2075 legio,
638 1978 785 2053 ciuitate
814 1975 984 2055 Romana
1008 1977 1125 2058 ellent
1152 1983 1214 2058 do·

1141 2100 1213 2174 nati

159 2449 161 2455 ,
257 2385 379 2454 Baccho
402 2392 523 2456 tamen,
563 2403 656 2467 quem
677 2402 750 2447 cum
769 2374 908 2459 Pallade,
944 2395 1080 2469 qnaeet
1098 2385 1160 2467 ipsa
1180 2388 1210 2452 in

211 2517 212 2527 ,
255 2470 362 2535 nuruis
393 2468 485 2531 obuia
513 2466 573 2542 est,
613 2468 651 2529 ab
680 2466 935 2531 Heracleenfibut
960 2470 1083 2534 cultum
1113 2471 1209 2546 inisse,

254 2553 337 2618 infra
358 2553 540 2615 videbimus.
590 2546 718 2630 Repetit
739 2551 823 2613 illam
850 2553 936 2614 vocis
954 2552 1157 2619 inflexionem
1178 2558 1207 2618 in

255 2640 318 2699 alio
352 2657 465 2706 numo,
508 2655 600 2716 quem
628 2636 665 2696 ad
702 2634 834 2696 nostram
861 2634 1043 2698 Heracleam
1077 2637 1207 2716 spectare

146 2739 163 2761 ¹³
254 2720 360 2804 paullo
386 2719 503 2782 certius
523 2717 675 2792 rffrrmat,
715 2717 874 2781 Pelerinus
900 2717 932 2781 in
962 2717 1119 2803 Seppius.
1142 2721 1207 2788 ΙΙΙ.

254 2824 286 2887 p.
304 2816 354 2879 85,
383 2808 457 2866 no.
507 2801 659 2872 Herculea
683 2798 749 2863 fere
772 2799 851 2862 stans
872 2803 1037 2866 exhibetur
1063 2817 1119 2868 aut
1146 2806 1207 2868 leo·

254 2909 325 2953 uem
347 2886 483 2947 elidens.
522 2883 881 2949 eructationem
913 2905 1052 2951 nomon
1090 2886 1207 2953 Dulens

255 2972 383 3052 vulgato
404 2967 482 3055 Hisl.
501 2966 536 3032 de
551 2965 568 3029 l'
570 2962 670 3031 Acad.
688 2964 718 3030 d.
737 2965 765 3029 Ι.
796 2966 892 3050 T.40.
915 2989 1008 3056 μμ
1077 2972 1147 3035 Alia
1168 2994 1205 3037 ue

253 3073 547 3125 commemoremus,
568 3053 642 3113 lecit
663 3051 762 3113 otium
784 3049 904 3113 Raschii
925 3047 1071 3117 industria
1095 3054 1128 3117 in
1149 3056 1222 3119 Les

252 3140 325 3202 atico
347 3135 521 3199 numismat.
543 3154 613 3195 voc.
634 3131 782 3197 Heraclea
804 3132 843 3196 Τ.
855 3131 896 3197 11.
918 3135 950 3198 P.
960 3135 999 3200 ll.
1023 3156 1054 3218 p.
1068 3154 1126 3215 115
1140 3141 1201 3220 sqq.

252 3220 356 3287 Etiam
374 3217 522 3282 Heraclea
551 3232 582 3278 et
609 3216 825 3291 Metapontum
849 3219 958 3279 eodem
982 3239 1079 3283 numo
1100 3222 1203 3286 iuncta

249 3316 434 3367 occurrunt:
472 3298 753 3363 venementius.
784 3301 983 3380 tamo-30.
1034 3301 1153 3372 Verum
1173 3316 1204 3369 et

247 3387 325 3450 haec
347 3383 476 3468 collegit
494 3383 609 3447 Rasclrc
630 3404 658 3467 p.
671 3401 741 3462 123.

176 3548 223 3631 a)
241 3544 308 3617 Cic.
324 3564 354 3627 p.
370 3543 465 3608 Balbo
484 3565 512 3606 c.
531 3562 582 3611 22.
605 3564 645 3608 ex
663 3563 699 3609 ea
718 3546 854 3613 unitate.
878 3564 1005 3629 numum
1026 3564 1123 3628 prope
1144 3547 1201 3610 lin-

248 3630 359 3711 gulam
386 3628 499 3691 foedus
523 3626 643 3710 Pyrrhi
661 3636 717 3692 lem
739 3627 859 3700 oribus,
899 3628 932 3694 C.
960 3627 1102 3694 Fabricio
1132 3631 1196 3714 Cos.

245 3711 337 3778 illum
351 3719 492 3796 putatur.
537 3712 579 3776 cf.
605 3649 746 3776 mazocl.
769 3729 870 3794 p.113
890 3712 932 3795 sq.
963 3713 1017 3796 qul
1038 3731 1071 3776 et
1092 3714 1200 3778 foede-

246 3810 342 3860 ratam
365 3817 400 3858 ec
414 3797 541 3867 sociam,
565 3808 597 3858 et
617 3795 820 3875 municipium
840 3795 985 3877 appellat.
1027 3797 1199 3861 Enimuero

231 3879 449 3961 ‘municipium
472 3877 595 3960 proprie
609 3878 652 3941 its
672 3877 790 3942 dicium
803 3876 863 3941 ell'e
880 3900 943 3942 non
964 3880 1077 3962 potuit,
1101 3901 1200 3964 quan·

243 3962 413 4047 doqoidern
441 3963 510 4025 inre
535 3962 673 4026 ciuitatis
694 3961 731 4027 R.
760 3960 805 4024 vti
837 3961 949 4031 noluit.
1014 3963 1199 4028 foederatae

198 4099 202 4104 ,
242 4059 347 4109 autem
369 4047 458 4109 vrbes
479 4044 549 4108 sunt
574 4045 700 4107 eaedem
725 4066 760 4108 ac
789 4045 905 4120 sociae,
943 4045 994 4110 seu
1015 4046 1117 4110 Latini
1146 4041 1198 4112 seu

242 4130 341 4194 ltalici
361 4129 456 4202 iuris;
481 4129 535 4191 etsi
557 4130 617 4191 hoc
632 4129 738 4211 potius
755 4149 856 4208 genus
877 4131 919 4193 ita
940 4131 1001 4192 dici
1027 4128 1114 4194 solet.
1142 4132 1197 4194 Di·

199 4216 206 4279 ᾗ
240 4216 373 4276 cendum
394 4214 499 4294 itaque
518 4213 696 4276 Heracleam
717 4211 897 4284 luilleviuris
917 4213 1037 4297 ltalici3
1058 4233 1122 4278 non
1140 4236 1197 4278 au·

238 4309 303 4372 tem
326 4297 541 4379 municipium.
723 4302 725 4308 ’
