710 1313
268 223 410 238 ΕΞ
564 234 607 253 4¹5

69 271 176 297 quendum,
198 271 320 294 narrandum,
342 271 467 294 laudandum,
487 271 610 297 copiosiorem

37 302 39 307 ¹
69 306 90 320 ac
101 300 244 326 locupletiorem
252 300 315 320 locum
324 300 425 323 habebitis,
444 306 499 326 quam
510 300 571 320 hunc:
590 304 610 320 at

70 329 131 348 bonus
140 332 179 348 erat
190 332 251 354 pater,
271 329 374 354 benignus,
387 328 497 353 indulgens!
520 329 609 349 beneficia

68 361 143 382 accepta
157 358 298 380 enumerabifis,
324 363 386 380 curas,
410 358 481 382 vigilias
501 363 535 383 pro
551 358 609 378 vestra

69 386 135 408 salute,
152 391 233 406 amorem
243 390 262 405 et
270 387 363 405 caritatem
371 386 391 406 in
404 392 437 406 vos
454 386 543 406 summam
557 392 609 407 com-

69 415 202 434 memorabitis.
238 414 324 439 Agedum
336 415 355 433 in
368 414 433 434 iisdem
444 414 574 434 consumemus
588 419 608 435 et

69 449 104 463 nos
120 444 223 463 orationem
237 444 326 467 nostram;
347 443 435 463 faciemus
452 443 514 463 breuem
528 444 608 470 recenfirm

68 478 124 491 eorum
136 473 230 493 meritonam
243 475 258 491 et
267 472 388 498 beneficiorum.
406 477 454 497 quae
465 477 530 497 parens
546 473 608 492 noster

69 501 175 520 communis
194 501 214 520 in
232 506 267 520 nos
284 500 399 522 cumulauit.
424 507 511 525 earumque
526 502 607 520 virtutum

68 529 151 554 exemplar
161 534 299 554 proponemus,
317 535 341 548 ex
353 529 420 554 quibus
435 529 467 548 illa
479 529 606 550 munificentia

69 559 88 576 in
98 563 134 577 nus
142 557 201 577 fluxit.
230 557 266 577 His
278 557 343 577 iisdem
354 557 407 582 spero
418 563 448 576 me
460 557 605 583 affequuturum‚

67 590 88 605 vt
100 587 173 606 animos
181 586 249 605 vestros
264 592 304 605 non
318 585 415 605 difficulter
427 589 509 610 teneam;
526 592 562 606 nec
574 593 605 606 ve-

67 620 118 637 reor,
139 621 164 634 ne
176 615 275 640 quisquam
288 615 367 634 vestrum
377 614 407 637 fit,
435 615 468 640 qui
483 620 523 634 rem
539 621 606 640 parum

67 647 137 668 gratam
149 647 228 663 autnon
241 643 270 662 vel
284 643 301 663 se
315 643 345 662 vei
356 643 411 663 nobis
427 643 457 662 vel
469 643 506 663 hoc
519 643 549 663 die
563 644 604 663 satis

66 672 142 697 dignam
151 678 162 691 a
171 678 202 691 me
212 672 282 697 exponi
290 672 393 691 arbitretur.
422 671 453 691 Tu
465 676 533 695 autem,
546 672 605 692 sanda

64 700 141 723 Anima.
157 706 204 726 quae
212 700 258 720 olim
267 700 329 719 me'nte
340 704 359 719 et
368 701 480 725 cogitatione
488 701 553 720 nostris
562 706 605 720 coe-

65 729 115 748 tibus
123 728 181 748 adess'e
192 729 271 751 solebas,
292 735 342 748 nunc
355 734 434 754 corpore
449 728 517 752 libera,
537 728 568 748 etsi
584 730 604 749 in

63 758 126 777 beatas
135 758 220 782 regiones
230 757 314 779 euolasti,
329 761 392 777 tamen
401 758 503 776 etiamnum
514 761 604 783 tanquam

58 786 137 806 ,Genius
147 785 239 811 Georgiae
248 790 290 805 tuae
298 786 389 811 Augustae
398 791 433 805 nos
444 786 529 809 inuisere.
542 786 603 806 nostra

64 814 144 834 concilia
159 814 221 837 obire,
246 814 299 834 sacris
314 815 380 834 nostris
396 815 501 834 cerimoniis
518 814 602 834 interesse

64 849 103 863 non
116 843 231 868 dedignaris3
244 846 262 862 te
271 843 333 862 videre
342 843 407 862 videor
419 843 442 862 de
453 843 504 862 beata
515 843 557 862 sede
571 843 603 862 de-

62 872 131 897 lapsam
143 878 178 891 nos
186 872 271 894 reuisere,
287 871 352 897 templi
360 871 477 894 sanssitatem,
490 871 602 892 solemnium

61 901 182 920 cerimoniam
200 900 308 925 augustam,
334 900 422 919 acerbum
436 900 506 919 horum
524 900 602 923 lustum,

61 935 126 949 meum
136 935 214 954 grauem
221 928 316 951 dolorem,
331 934 452 948 communem
465 929 549 948 omnium
562 929 602 954 pie.-

60 961 129 979 tatem,
150 957 244 982 respicere.
281 957 305 977 At
317 961 347 980 tu,
369 957 427 976 sanssa
443 957 520 979 Anima,
548 958 602 982 pium

60 985 145 1005 officium
153 986 253 1005 memoriae
264 989 305 1005 tuae
317 989 396 1010 tuaeque
406 986 478 1004 virtutis
491 985 601 1005 recolendae

58 1015 141 1041 propitia
153 1020 174 1034 ac
187 1014 252 1034 volens
263 1015 346 1039 accipere
361 1014 453 1039 nobisque
465 1019 523 1039 porro
538 1014 601 1034 fauete

57 1043 142 1068 dignare.
594 1058 596 1061 .

77 1111 80 1113 -
116 1098 172 1122 Quae
187 1098 264 1123 quidem
285 1099 304 1117 in
322 1097 420 1117 condenda
437 1097 549 1122 conditaque
565 1088 599 1117 sub

56 1126 141 1152 auspiciis
151 1127 208 1152 Regis
222 1126 356 1151 Augustiffimi,
376 1132 427 1146 nunc
442 1127 462 1145 in
476 1127 536 1145 beatas
548 1126 599 1151 sedes

56 1156 132 1181 recepti,
148 1155 257 1175 GEORGH
264 1155 343 1175 Secundi
352 1155 451 1175 Academia
460 1154 597 1181 Mvucifflvsij,

485 1183 598 1203 immortalis
