<?xml version="1.0" encoding="UTF-8"?>
<!DOCTYPE html PUBLIC "-//W3C//DTD XHTML 1.0 Transitional//EN"
    "http://www.w3.org/TR/xhtml1/DTD/xhtml1-transitional.dtd">
<html xmlns="http://www.w3.org/1999/xhtml" xml:lang="en" lang="en">
 <head>
  <title>
</title>
<meta http-equiv="Content-Type" content="text/html;charset=utf-8" />
  <meta name='ocr-system' content='tesseract 3.04.00' />
  <meta name='ocr-capabilities' content='ocr_page ocr_carea ocr_par ocr_line ocrx_word'/>
</head>
<body>
  <div class='ocr_page' id='page_1' title='image "./chrgheyniiprofe01heyngoog_0321.png"; bbox 0 0 710 1313; ppageno 0'>
   <div class='ocr_carea' id='block_1_1' title="bbox 216 12 680 174">
    <p class='ocr_par' dir='ltr' id='par_1_1' title="bbox 216 12 680 174">
     <span class='ocr_line' id='line_1_1' title="bbox 216 12 680 174; baseline 0 1139"><span class='ocrx_word' id='word_1_1' title='bbox 216 12 680 174; x_wconf 95' lang='lat' dir='ltr'> </span> 
     </span>
    </p>
   </div>
   <div class='ocr_carea' id='block_1_2' title="bbox 309 176 453 188">
    <p class='ocr_par' dir='ltr' id='par_1_2' title="bbox 309 176 453 188">
     <span class='ocr_line' id='line_1_2' title="bbox 309 176 453 188; baseline 0 0"><span class='ocrx_word' id='word_1_2' title='bbox 309 176 453 188; x_wconf 73' lang='grc' dir='ltr'>..ι-</span> 
     </span>
    </p>
   </div>
   <div class='ocr_carea' id='block_1_3' title="bbox 309 190 449 193">
    <p class='ocr_par' dir='ltr' id='par_1_3' title="bbox 309 190 449 193">
     <span class='ocr_line' id='line_1_3' title="bbox 309 190 449 193; baseline 0 0"><span class='ocrx_word' id='word_1_3' title='bbox 309 190 449 193; x_wconf 95' lang='lat' dir='ltr'> </span> 
     </span>
    </p>
   </div>
   <div class='ocr_carea' id='block_1_4' title="bbox 114 187 153 208">
    <p class='ocr_par' dir='ltr' id='par_1_4' title="bbox 114 187 153 208">
     <span class='ocr_line' id='line_1_4' title="bbox 114 187 153 208; baseline -0.026 -5"><span class='ocrx_word' id='word_1_4' title='bbox 114 187 153 208; x_wconf 71' lang='grc' dir='ltr'>μό</span> 
     </span>
    </p>
   </div>
   <div class='ocr_carea' id='block_1_5' title="bbox 110 222 651 479">
    <p class='ocr_par' dir='ltr' id='par_1_5' title="bbox 110 222 651 479">
     <span class='ocr_line' id='line_1_5' title="bbox 110 222 649 250; baseline -0.002 -6"><span class='ocrx_word' id='word_1_5' title='bbox 110 225 205 250; x_wconf 74' lang='lat' dir='ltr'>tragoedia</span> <span class='ocrx_word' id='word_1_6' title='bbox 217 228 236 244; x_wconf 90' lang='lat' dir='ltr'>et</span> <span class='ocrx_word' id='word_1_7' title='bbox 245 224 342 244; x_wconf 80' lang='lat' dir='ltr'>comoedia</span> <span class='ocrx_word' id='word_1_8' title='bbox 350 225 436 244; x_wconf 87' lang='lat' dir='ltr'>inuentae</span> <span class='ocrx_word' id='word_1_9' title='bbox 448 224 510 247; x_wconf 78' lang='lat' dir='ltr'>fuere,</span> <span class='ocrx_word' id='word_1_10' title='bbox 530 225 603 249; x_wconf 77' lang='lat' dir='ltr'>quibus</span> <span class='ocrx_word' id='word_1_11' title='bbox 614 222 649 243; x_wconf 66' lang='lat' dir='ltr'>Eu:</span> 
     </span>
     <span class='ocr_line' id='line_1_6' title="bbox 111 252 650 279; baseline -0.004 -6"><span class='ocrx_word' id='word_1_12' title='bbox 111 258 163 279; x_wconf 84' lang='lat' dir='ltr'>terpe</span> <span class='ocrx_word' id='word_1_13' title='bbox 177 257 195 273; x_wconf 82' lang='lat' dir='ltr'>et</span> <span class='ocrx_word' id='word_1_14' title='bbox 205 253 271 273; x_wconf 86' lang='lat' dir='ltr'>Thalia</span> <span class='ocrx_word' id='word_1_15' title='bbox 283 253 392 278; x_wconf 75' lang='lat' dir='ltr'>pmceffent,</span> <span class='ocrx_word' id='word_1_16' title='bbox 413 253 465 278; x_wconf 89' lang='lat' dir='ltr'>quod</span> <span class='ocrx_word' id='word_1_17' title='bbox 476 257 519 272; x_wconf 75' lang='lat' dir='ltr'>ante</span> <span class='ocrx_word' id='word_1_18' title='bbox 534 252 568 273; x_wconf 82' lang='lat'>01.</span> <span class='ocrx_word' id='word_1_19' title='bbox 576 252 618 272; x_wconf 90' lang='lat' dir='ltr'>LIV</span> <span class='ocrx_word' id='word_1_20' title='bbox 630 256 650 271; x_wconf 76' lang='lat' dir='ltr'>ez·</span> 
     </span>
     <span class='ocr_line' id='line_1_7' title="bbox 111 281 646 302; baseline -0.002 -1"><span class='ocrx_word' id='word_1_21' title='bbox 111 281 158 302; x_wconf 91' lang='lat' dir='ltr'>LXI</span> <span class='ocrx_word' id='word_1_22' title='bbox 166 282 232 301; x_wconf 64' lang='lat' dir='ltr'>fastum</span> <span class='ocrx_word' id='word_1_23' title='bbox 241 288 280 301; x_wconf 88' lang='lat' dir='ltr'>non</span> <span class='ocrx_word' id='word_1_24' title='bbox 289 282 318 301; x_wconf 89' lang='lat' dir='ltr'>est.</span> <span class='ocrx_word' id='word_1_25' title='bbox 341 281 372 301; x_wconf 84' lang='lat' dir='ltr'>De</span> <span class='ocrx_word' id='word_1_26' title='bbox 380 281 495 301; x_wconf 82' lang='lat' dir='ltr'>Astronomia</span> <span class='ocrx_word' id='word_1_27' title='bbox 503 285 568 300; x_wconf 85' lang='lat' dir='ltr'>autern</span> <span class='ocrx_word' id='word_1_28' title='bbox 577 287 646 301; x_wconf 72' lang='lat' dir='ltr'>oermen</span> 
     </span>
     <span class='ocr_line' id='line_1_8' title="bbox 111 309 648 335; baseline -0.002 -6"><span class='ocrx_word' id='word_1_29' title='bbox 111 310 186 330; x_wconf 66' lang='lat' dir='ltr'>Hesiodi</span> <span class='ocrx_word' id='word_1_30' title='bbox 199 311 275 330; x_wconf 89' lang='lat' dir='ltr'>nomine</span> <span class='ocrx_word' id='word_1_31' title='bbox 285 310 391 335; x_wconf 80' lang='lat' dir='ltr'>infignitum</span> <span class='ocrx_word' id='word_1_32' title='bbox 403 311 495 329; x_wconf 80' lang='lat' dir='ltr'>veteribus</span> <span class='ocrx_word' id='word_1_33' title='bbox 504 310 525 329; x_wconf 88' lang='lat' dir='ltr'>in</span> <span class='ocrx_word' id='word_1_34' title='bbox 532 309 591 329; x_wconf 84' lang='lat' dir='ltr'>laude</span> <span class='ocrx_word' id='word_1_35' title='bbox 601 309 648 329; x_wconf 79' lang='lat' dir='ltr'>habi-</span> 
     </span>
     <span class='ocr_line' id='line_1_9' title="bbox 111 337 651 364; baseline -0.002 -6"><span class='ocrx_word' id='word_1_36' title='bbox 111 343 152 358; x_wconf 85' lang='lat' dir='ltr'>tum</span> <span class='ocrx_word' id='word_1_37' title='bbox 164 339 198 358; x_wconf 84' lang='lat' dir='ltr'>est:</span> <span class='ocrx_word' id='word_1_38' title='bbox 222 339 274 364; x_wconf 85' lang='lat' dir='ltr'>quod</span> <span class='ocrx_word' id='word_1_39' title='bbox 288 339 357 359; x_wconf 72' lang='lat' dir='ltr'>tametsi</span> <span class='ocrx_word' id='word_1_40' title='bbox 370 340 417 358; x_wconf 87' lang='lat' dir='ltr'>inter</span> <span class='ocrx_word' id='word_1_41' title='bbox 432 345 453 358; x_wconf 87' lang='lat' dir='ltr'>ea</span> <span class='ocrx_word' id='word_1_42' title='bbox 464 339 586 358; x_wconf 82' lang='lat' dir='ltr'>referendum</span> <span class='ocrx_word' id='word_1_43' title='bbox 600 337 651 357; x_wconf 74' lang='lat' dir='ltr'>fuiffe</span> 
     </span>
     <span class='ocr_line' id='line_1_10' title="bbox 111 367 647 393; baseline -0.004 -6"><span class='ocrx_word' id='word_1_44' title='bbox 111 368 193 390; x_wconf 83' lang='lat' dir='ltr'>videtur,</span> <span class='ocrx_word' id='word_1_45' title='bbox 205 373 255 393; x_wconf 88' lang='lat' dir='ltr'>-quae</span> <span class='ocrx_word' id='word_1_46' title='bbox 266 371 335 387; x_wconf 79' lang='lat' dir='ltr'>temere</span> <span class='ocrx_word' id='word_1_47' title='bbox 344 367 377 386; x_wconf 88' lang='lat' dir='ltr'>sub</span> <span class='ocrx_word' id='word_1_48' title='bbox 392 367 467 387; x_wconf 84' lang='lat' dir='ltr'>Hefiodi</span> <span class='ocrx_word' id='word_1_49' title='bbox 478 368 556 386; x_wconf 84' lang='lat' dir='ltr'>nomine</span> <span class='ocrx_word' id='word_1_50' title='bbox 566 367 647 386; x_wconf 83' lang='lat' dir='ltr'>fereban-</span> 
     </span>
     <span class='ocr_line' id='line_1_11' title="bbox 112 395 647 421; baseline -0.002 -6"><span class='ocrx_word' id='word_1_51' title='bbox 112 400 152 419; x_wconf 78' lang='lat' dir='ltr'>tur,</span> <span class='ocrx_word' id='word_1_52' title='bbox 167 399 269 415; x_wconf 84' lang='lat' dir='ltr'>occurrunt</span> <span class='ocrx_word' id='word_1_53' title='bbox 279 399 341 415; x_wconf 85' lang='lat' dir='ltr'>tamen</span> <span class='ocrx_word' id='word_1_54' title='bbox 350 396 370 415; x_wconf 89' lang='lat' dir='ltr'>in</span> <span class='ocrx_word' id='word_1_55' title='bbox 384 395 425 421; x_wconf 80' lang='lat' dir='ltr'>ipsis</span> <span class='ocrx_word' id='word_1_56' title='bbox 437 395 512 415; x_wconf 79' lang='lat' dir='ltr'>Hesiodi</span> <span class='ocrx_word' id='word_1_57' title='bbox 520 395 619 420; x_wconf 79' lang='lat' dir='ltr'>Operibus</span> <span class='ocrx_word' id='word_1_58' title='bbox 631 398 647 414; x_wconf 85' lang='lat' dir='ltr'>et</span> 
     </span>
     <span class='ocr_line' id='line_1_12' title="bbox 111 424 646 449; baseline -0.002 -5"><span class='ocrx_word' id='word_1_59' title='bbox 111 424 185 445; x_wconf 82' lang='lat' dir='ltr'>Diebus</span> <span class='ocrx_word' id='word_1_60' title='bbox 194 424 353 449; x_wconf 38' lang='lat' dir='ltr'>siderum-occasus</span> <span class='ocrx_word' id='word_1_61' title='bbox 367 428 386 443; x_wconf 88' lang='lat' dir='ltr'>et</span> <span class='ocrx_word' id='word_1_62' title='bbox 397 428 449 443; x_wconf 86' lang='lat' dir='ltr'>ortus</span> <span class='ocrx_word' id='word_1_63' title='bbox 460 425 509 446; x_wconf 80' lang='lat' dir='ltr'>inter</span> <span class='ocrx_word' id='word_1_64' title='bbox 517 424 581 443; x_wconf 81' lang='lat' dir='ltr'>rustici</span> <span class='ocrx_word' id='word_1_65' title='bbox 588 424 646 449; x_wconf 79' lang='lat' dir='ltr'>operis</span> 
     </span>
     <span class='ocr_line' id='line_1_13' title="bbox 111 453 448 479; baseline 0 -7"><span class='ocrx_word' id='word_1_66' title='bbox 111 457 130 473; x_wconf 86' lang='lat' dir='ltr'>et</span> <span class='ocrx_word' id='word_1_67' title='bbox 139 454 264 478; x_wconf 83' lang='lat' dir='ltr'>nauigationis</span> <span class='ocrx_word' id='word_1_68' title='bbox 276 456 373 479; x_wconf 69' lang='lat' dir='ltr'>praecepta</span> <span class='ocrx_word' id='word_1_69' title='bbox 385 453 448 473; x_wconf 59' lang='lat' dir='ltr'>novati.</span> 
     </span>
    </p>
   </div>
   <div class='ocr_carea' id='block_1_6' title="bbox 113 507 675 988">
    <p class='ocr_par' dir='ltr' id='par_1_6' title="bbox 113 507 675 988">
     <span class='ocr_line' id='line_1_14' title="bbox 168 507 649 528; baseline -0.002 0"><span class='ocrx_word' id='word_1_70' title='bbox 168 508 298 528; x_wconf 82' lang='lat' dir='ltr'>Nouenarium</span> <span class='ocrx_word' id='word_1_71' title='bbox 304 507 399 527; x_wconf 77' lang='lat' dir='ltr'>Musarum</span> <span class='ocrx_word' id='word_1_72' title='bbox 407 513 506 527; x_wconf 85' lang='lat' dir='ltr'>numerum</span> <span class='ocrx_word' id='word_1_73' title='bbox 514 508 571 527; x_wconf 85' lang='lat' dir='ltr'>etiam</span> <span class='ocrx_word' id='word_1_74' title='bbox 582 508 603 527; x_wconf 85' lang='lat' dir='ltr'>in</span> <span class='ocrx_word' id='word_1_75' title='bbox 611 507 649 527; x_wconf 68' lang='lat' dir='ltr'>Hos</span> 
     </span>
     <span class='ocr_line' id='line_1_15' title="bbox 114 536 648 561; baseline -0.002 -5"><span class='ocrx_word' id='word_1_76' title='bbox 114 537 160 556; x_wconf 83' lang='lat' dir='ltr'>meri</span> <span class='ocrx_word' id='word_1_77' title='bbox 173 536 285 561; x_wconf 73' lang='lat' dir='ltr'>Hefiodique</span> <span class='ocrx_word' id='word_1_78' title='bbox 300 537 411 556; x_wconf 76' lang='lat' dir='ltr'>carminibus</span> <span class='ocrx_word' id='word_1_79' title='bbox 423 537 544 556; x_wconf 84' lang='lat' dir='ltr'>constitutum</span> <span class='ocrx_word' id='word_1_80' title='bbox 554 536 602 559; x_wconf 80' lang='lat' dir='ltr'>effe,</span> <span class='ocrx_word' id='word_1_81' title='bbox 615 536 648 555; x_wconf 83' lang='lat' dir='ltr'>iam</span> 
     </span>
     <span class='ocr_line' id='line_1_16' title="bbox 113 564 648 590; baseline 0 -6"><span class='ocrx_word' id='word_1_82' title='bbox 113 571 123 584; x_wconf 82' lang='lat' dir='ltr'>a</span> <span class='ocrx_word' id='word_1_83' title='bbox 133 565 220 585; x_wconf 86' lang='lat' dir='ltr'>Diodoro</span> <span class='ocrx_word' id='word_1_84' title='bbox 232 565 275 590; x_wconf 85' lang='lat' dir='ltr'>(lib.</span> <span class='ocrx_word' id='word_1_85' title='bbox 284 564 317 587; x_wconf 81' lang='lat' dir='ltr'>IV,</span> <span class='ocrx_word' id='word_1_86' title='bbox 327 566 356 589; x_wconf 86' lang='lat'>7.)</span> <span class='ocrx_word' id='word_1_87' title='bbox 372 565 396 584; x_wconf 87' lang='lat' dir='ltr'>est</span> <span class='ocrx_word' id='word_1_88' title='bbox 407 565 534 587; x_wconf 83' lang='lat' dir='ltr'>obseruatum.</span> <span class='ocrx_word' id='word_1_89' title='bbox 555 568 575 584; x_wconf 83' lang='lat' dir='ltr'>vt</span> <span class='ocrx_word' id='word_1_90' title='bbox 588 565 648 584; x_wconf 78' lang='lat' dir='ltr'>saltem</span> 
     </span>
     <span class='ocr_line' id='line_1_17' title="bbox 113 592 649 619; baseline -0.002 -6"><span class='ocrx_word' id='word_1_91' title='bbox 113 593 150 613; x_wconf 79' lang='lat' dir='ltr'>hoc</span> <span class='ocrx_word' id='word_1_92' title='bbox 158 594 238 619; x_wconf 68' lang='lat' dir='ltr'>liqueat3</span> <span class='ocrx_word' id='word_1_93' title='bbox 252 593 286 612; x_wconf 91' lang='lat' dir='ltr'>illo</span> <span class='ocrx_word' id='word_1_94' title='bbox 296 594 332 612; x_wconf 79' lang='lat' dir='ltr'>iam</span> <span class='ocrx_word' id='word_1_95' title='bbox 339 597 424 619; x_wconf 84' lang='lat' dir='ltr'>tempore</span> <span class='ocrx_word' id='word_1_96' title='bbox 431 593 525 614; x_wconf 80' lang='lat' dir='ltr'>Musarum</span> <span class='ocrx_word' id='word_1_97' title='bbox 535 593 616 612; x_wconf 86' lang='lat' dir='ltr'>chorum</span> <span class='ocrx_word' id='word_1_98' title='bbox 628 592 649 613; x_wconf 84' lang='lat' dir='ltr'>ad</span> 
     </span>
     <span class='ocr_line' id='line_1_18' title="bbox 113 621 675 642; baseline 0.002 -1"><span class='ocrx_word' id='word_1_99' title='bbox 113 628 157 641; x_wconf 82' lang='lat' dir='ltr'>eum</span> <span class='ocrx_word' id='word_1_100' title='bbox 168 628 268 641; x_wconf 87' lang='lat' dir='ltr'>numerum</span> <span class='ocrx_word' id='word_1_101' title='bbox 280 621 382 641; x_wconf 76' lang='lat' dir='ltr'>excurriss&#39;e.</span> <span class='ocrx_word' id='word_1_102' title='bbox 412 621 512 641; x_wconf 84' lang='lat' dir='ltr'>Enimuero</span> <span class='ocrx_word' id='word_1_103' title='bbox 521 622 540 640; x_wconf 91' lang='lat' dir='ltr'>in</span> <span class='ocrx_word' id='word_1_104' title='bbox 550 622 650 641; x_wconf 64' lang='lat' dir='ltr'>dubitatio·</span> <span class='ocrx_word' id='word_1_105' title='bbox 674 635 675 642; x_wconf 37' lang='grc' dir='ltr'>η</span> 
     </span>
     <span class='ocr_line' id='line_1_19' title="bbox 114 650 650 676; baseline -0.002 -6"><span class='ocrx_word' id='word_1_106' title='bbox 114 657 157 670; x_wconf 84' lang='lat' dir='ltr'>nem</span> <span class='ocrx_word' id='word_1_107' title='bbox 166 657 186 670; x_wconf 85' lang='lat' dir='ltr'>ea</span> <span class='ocrx_word' id='word_1_108' title='bbox 194 657 222 670; x_wconf 85' lang='lat' dir='ltr'>res</span> <span class='ocrx_word' id='word_1_109' title='bbox 234 650 301 670; x_wconf 84' lang='lat' dir='ltr'>adduci</span> <span class='ocrx_word' id='word_1_110' title='bbox 310 650 360 676; x_wconf 84' lang='lat' dir='ltr'>poffe</span> <span class='ocrx_word' id='word_1_111' title='bbox 370 650 447 670; x_wconf 82' lang='lat' dir='ltr'>videtur.</span> <span class='ocrx_word' id='word_1_112' title='bbox 465 650 514 670; x_wconf 88' lang='lat' dir='ltr'>Nam</span> <span class='ocrx_word' id='word_1_113' title='bbox 521 650 571 675; x_wconf 75' lang='lat' dir='ltr'>apud</span> <span class='ocrx_word' id='word_1_114' title='bbox 580 650 650 670; x_wconf 83' lang='lat' dir='ltr'>Home-</span> 
     </span>
     <span class='ocr_line' id='line_1_20' title="bbox 114 679 651 701; baseline 0 -3"><span class='ocrx_word' id='word_1_115' title='bbox 114 685 156 698; x_wconf 83' lang='lat' dir='ltr'>rum</span> <span class='ocrx_word' id='word_1_116' title='bbox 165 685 252 698; x_wconf 83' lang='lat' dir='ltr'>numerus</span> <span class='ocrx_word' id='word_1_117' title='bbox 263 680 375 698; x_wconf 82' lang='lat' dir='ltr'>nouenarius</span> <span class='ocrx_word' id='word_1_118' title='bbox 385 685 423 698; x_wconf 80' lang='lat' dir='ltr'>vno</span> <span class='ocrx_word' id='word_1_119' title='bbox 433 679 453 698; x_wconf 87' lang='lat' dir='ltr'>in</span> <span class='ocrx_word' id='word_1_120' title='bbox 462 679 506 698; x_wconf 83' lang='lat' dir='ltr'>loco</span> <span class='ocrx_word' id='word_1_121' title='bbox 514 680 603 701; x_wconf 63' lang='lat' dir='ltr'>occurrit,</span> <span class='ocrx_word' id='word_1_122' title='bbox 621 685 651 698; x_wconf 84' lang='lat' dir='ltr'>ex-</span> 
     </span>
     <span class='ocr_line' id='line_1_21' title="bbox 113 706 651 733; baseline 0.002 -7"><span class='ocrx_word' id='word_1_123' title='bbox 113 711 174 727; x_wconf 81' lang='lat' dir='ltr'>tremo</span> <span class='ocrx_word' id='word_1_124' title='bbox 188 707 278 733; x_wconf 80' lang='lat' dir='ltr'>Odyffeae</span> <span class='ocrx_word' id='word_1_125' title='bbox 288 708 337 727; x_wconf 85' lang='lat' dir='ltr'>libro</span> <span class='ocrx_word' id='word_1_126' title='bbox 350 708 388 730; x_wconf 78' lang='grc' dir='ltr'>(Ω,</span> <span class='ocrx_word' id='word_1_127' title='bbox 398 706 446 732; x_wconf 78' lang='lat'>60),</span> <span class='ocrx_word' id='word_1_128' title='bbox 463 708 496 732; x_wconf 87' lang='lat' dir='ltr'>qui</span> <span class='ocrx_word' id='word_1_129' title='bbox 510 713 533 727; x_wconf 84' lang='lat' dir='ltr'>an</span> <span class='ocrx_word' id='word_1_130' title='bbox 545 707 651 727; x_wconf 84' lang='lat' dir='ltr'>Homerum</span> 
     </span>
     <span class='ocr_line' id='line_1_22' title="bbox 115 735 650 758; baseline 0 -3"><span class='ocrx_word' id='word_1_131' title='bbox 115 736 208 755; x_wconf 60' lang='lat' dir='ltr'>sudorem</span> <span class='ocrx_word' id='word_1_132' title='bbox 223 736 298 758; x_wconf 76' lang='lat' dir='ltr'>habeat,</span> <span class='ocrx_word' id='word_1_133' title='bbox 320 736 368 755; x_wconf 66' lang='lat' dir='ltr'>rede</span> <span class='ocrx_word' id='word_1_134' title='bbox 383 736 482 755; x_wconf 80' lang='lat' dir='ltr'>dubitatur.</span> <span class='ocrx_word' id='word_1_135' title='bbox 524 735 553 755; x_wconf 79' lang='lat' dir='ltr'>Ab</span> <span class='ocrx_word' id='word_1_136' title='bbox 567 735 650 756; x_wconf 71' lang='lat' dir='ltr'>Hesiodo</span> 
     </span>
     <span class='ocr_line' id='line_1_23' title="bbox 115 764 650 790; baseline 0 -7"><span class='ocrx_word' id='word_1_137' title='bbox 115 769 177 784; x_wconf 76' lang='lat' dir='ltr'>autem</span> <span class='ocrx_word' id='word_1_138' title='bbox 187 770 209 784; x_wconf 83' lang='lat' dir='ltr'>an</span> <span class='ocrx_word' id='word_1_139' title='bbox 216 764 337 789; x_wconf 78' lang='lat' dir='ltr'>Theogoniae</span> <span class='ocrx_word' id='word_1_140' title='bbox 344 764 433 789; x_wconf 78' lang='lat' dir='ltr'>particula</span> <span class='ocrx_word' id='word_1_141' title='bbox 440 764 478 785; x_wconf 78' lang='lat' dir='ltr'>illa,</span> <span class='ocrx_word' id='word_1_142' title='bbox 494 765 514 783; x_wconf 89' lang='lat' dir='ltr'>in</span> <span class='ocrx_word' id='word_1_143' title='bbox 522 770 558 789; x_wconf 81' lang='lat' dir='ltr'>qua</span> <span class='ocrx_word' id='word_1_144' title='bbox 567 770 585 784; x_wconf 79' lang='lat' dir='ltr'>v.</span> <span class='ocrx_word' id='word_1_145' title='bbox 594 771 619 789; x_wconf 92' lang='lat'>57</span> <span class='ocrx_word' id='word_1_146' title='bbox 626 765 650 790; x_wconf 85' lang='lat' dir='ltr'>sq.</span> 
     </span>
     <span class='ocr_line' id='line_1_24' title="bbox 116 792 652 818; baseline 0.002 -6"><span class='ocrx_word' id='word_1_147' title='bbox 116 797 217 812; x_wconf 86' lang='lat' dir='ltr'>occurrunt</span> <span class='ocrx_word' id='word_1_148' title='bbox 228 793 323 812; x_wconf 87' lang='lat' dir='ltr'>Musarum</span> <span class='ocrx_word' id='word_1_149' title='bbox 335 793 420 815; x_wconf 79' lang='lat' dir='ltr'>nomina,</span> <span class='ocrx_word' id='word_1_150' title='bbox 442 793 523 818; x_wconf 53' lang='lat' dir='ltr'>profesta</span> <span class='ocrx_word' id='word_1_151' title='bbox 534 792 566 815; x_wconf 74' lang='lat' dir='ltr'>sit,</span> <span class='ocrx_word' id='word_1_152' title='bbox 586 799 652 818; x_wconf 85' lang='lat' dir='ltr'>parum</span> 
     </span>
     <span class='ocr_line' id='line_1_25' title="bbox 115 821 652 846; baseline 0.002 -6"><span class='ocrx_word' id='word_1_153' title='bbox 115 821 181 846; x_wconf 81' lang='lat' dir='ltr'>liquet.</span> <span class='ocrx_word' id='word_1_154' title='bbox 219 821 272 845; x_wconf 85' lang='lat' dir='ltr'>Quin</span> <span class='ocrx_word' id='word_1_155' title='bbox 286 821 351 841; x_wconf 85' lang='lat' dir='ltr'>Boeoti</span> <span class='ocrx_word' id='word_1_156' title='bbox 365 822 413 841; x_wconf 85' lang='lat' dir='ltr'>circa</span> <span class='ocrx_word' id='word_1_157' title='bbox 425 821 536 841; x_wconf 84' lang='lat' dir='ltr'>Heliconem</span> <span class='ocrx_word' id='word_1_158' title='bbox 547 821 652 846; x_wconf 79' lang='lat' dir='ltr'>indigenae.</span> 
     </span>
     <span class='ocr_line' id='line_1_26' title="bbox 116 849 653 876; baseline 0.002 -7"><span class='ocrx_word' id='word_1_159' title='bbox 116 849 202 869; x_wconf 84' lang='lat' dir='ltr'>Pausania</span> <span class='ocrx_word' id='word_1_160' title='bbox 213 850 266 872; x_wconf 80' lang='lat' dir='ltr'>teste,</span> <span class='ocrx_word' id='word_1_161' title='bbox 282 850 374 874; x_wconf 83' lang='lat' dir='ltr'>negabant</span> <span class='ocrx_word' id='word_1_162' title='bbox 386 856 425 869; x_wconf 85' lang='lat' dir='ltr'>non</span> <span class='ocrx_word' id='word_1_163' title='bbox 437 849 495 869; x_wconf 87' lang='lat' dir='ltr'>modo</span> <span class='ocrx_word' id='word_1_164' title='bbox 507 854 579 875; x_wconf 80' lang='lat' dir='ltr'>praeter</span> <span class='ocrx_word' id='word_1_165' title='bbox 589 850 653 876; x_wconf 80' lang='lat' dir='ltr'>Opera</span> 
     </span>
     <span class='ocr_line' id='line_1_27' title="bbox 117 878 653 903; baseline 0.002 -6"><span class='ocrx_word' id='word_1_166' title='bbox 117 882 136 897; x_wconf 76' lang='lat' dir='ltr'>et</span> <span class='ocrx_word' id='word_1_167' title='bbox 149 878 195 898; x_wconf 75' lang='lat' dir='ltr'>Dies</span> <span class='ocrx_word' id='word_1_168' title='bbox 213 878 272 897; x_wconf 82' lang='lat' dir='ltr'>vnum</span> <span class='ocrx_word' id='word_1_169' title='bbox 287 879 390 903; x_wconf 82' lang='lat' dir='ltr'>genuinum</span> <span class='ocrx_word' id='word_1_170' title='bbox 403 878 478 898; x_wconf 79' lang='lat' dir='ltr'>Hesiodi</span> <span class='ocrx_word' id='word_1_171' title='bbox 494 878 601 898; x_wconf 81' lang='lat' dir='ltr'>habendum</span> <span class='ocrx_word' id='word_1_172' title='bbox 618 879 653 899; x_wconf 77' lang='lat' dir='ltr'>esse</span> 
     </span>
     <span class='ocr_line' id='line_1_28' title="bbox 117 906 654 933; baseline -0.002 -7"><span class='ocrx_word' id='word_1_173' title='bbox 117 907 188 929; x_wconf 70' lang='lat' dir='ltr'>fetum,</span> <span class='ocrx_word' id='word_1_174' title='bbox 203 906 237 926; x_wconf 82' lang='lat' dir='ltr'>sed</span> <span class='ocrx_word' id='word_1_175' title='bbox 251 907 270 926; x_wconf 92' lang='lat' dir='ltr'>in</span> <span class='ocrx_word' id='word_1_176' title='bbox 283 907 304 926; x_wconf 87' lang='lat' dir='ltr'>iis</span> <span class='ocrx_word' id='word_1_177' title='bbox 316 912 393 932; x_wconf 86' lang='lat' dir='ltr'>quoque</span> <span class='ocrx_word' id='word_1_178' title='bbox 406 908 475 932; x_wconf 82' lang='lat' dir='ltr'>priores</span> <span class='ocrx_word' id='word_1_179' title='bbox 488 906 558 929; x_wconf 81' lang='lat' dir='ltr'>versus,</span> <span class='ocrx_word' id='word_1_180' title='bbox 579 908 599 926; x_wconf 93' lang='lat' dir='ltr'>in</span> <span class='ocrx_word' id='word_1_181' title='bbox 612 908 654 933; x_wconf 83' lang='lat' dir='ltr'>qui.</span> 
     </span>
     <span class='ocr_line' id='line_1_29' title="bbox 118 935 654 958; baseline 0.004 -4"><span class='ocrx_word' id='word_1_182' title='bbox 118 935 153 954; x_wconf 78' lang='lat' dir='ltr'>bus</span> <span class='ocrx_word' id='word_1_183' title='bbox 161 935 225 955; x_wconf 77' lang='lat' dir='ltr'>Musae</span> <span class='ocrx_word' id='word_1_184' title='bbox 233 936 353 958; x_wconf 74' lang='lat' dir='ltr'>inuocantur,</span> <span class='ocrx_word' id='word_1_185' title='bbox 370 936 393 955; x_wconf 82' lang='lat' dir='ltr'>ab</span> <span class='ocrx_word' id='word_1_186' title='bbox 401 936 460 955; x_wconf 83' lang='lat' dir='ltr'>aliena</span> <span class='ocrx_word' id='word_1_187' title='bbox 471 941 527 956; x_wconf 85' lang='lat' dir='ltr'>manu</span> <span class='ocrx_word' id='word_1_188' title='bbox 541 935 576 956; x_wconf 81' lang='lat' dir='ltr'>effe</span> <span class='ocrx_word' id='word_1_189' title='bbox 586 936 654 957; x_wconf 81' lang='lat' dir='ltr'>affutos</span> 
     </span>
     <span class='ocr_line' id='line_1_30' title="bbox 118 963 289 988; baseline 0 -5"><span class='ocrx_word' id='word_1_190' title='bbox 118 963 177 986; x_wconf 59' lang='lat' dir='ltr'>(Pausi</span> <span class='ocrx_word' id='word_1_191' title='bbox 185 963 226 987; x_wconf 82' lang='lat' dir='ltr'>IX,</span> <span class='ocrx_word' id='word_1_192' title='bbox 241 970 249 988; x_wconf 85' lang='lat'><em>3</em></span> <span class='ocrx_word' id='word_1_193' title='bbox 257 965 289 988; x_wconf 82' lang='lat'>1.).</span> 
     </span>
    </p>
   </div>
   <div class='ocr_carea' id='block_1_7' title="bbox 106 1020 658 1157">
    <p class='ocr_par' dir='ltr' id='par_1_7' title="bbox 165 1020 655 1046">
     <span class='ocr_line' id='line_1_31' title="bbox 165 1020 655 1046; baseline -0.002 -5"><span class='ocrx_word' id='word_1_194' title='bbox 165 1020 207 1041; x_wconf 72' lang='lat' dir='ltr'>&#39;De</span> <span class='ocrx_word' id='word_1_195' title='bbox 217 1021 322 1042; x_wconf 84' lang='lat' dir='ltr'>svmbolicis</span> <span class='ocrx_word' id='word_1_196' title='bbox 335 1021 413 1046; x_wconf 72' lang='lat' dir='ltr'>mythis,</span> <span class='ocrx_word' id='word_1_197' title='bbox 427 1021 460 1046; x_wconf 91' lang='lat' dir='ltr'>qui</span> <span class='ocrx_word' id='word_1_198' title='bbox 472 1020 534 1046; x_wconf 78' lang='lat' dir='ltr'>pamm</span> <span class='ocrx_word' id='word_1_199' title='bbox 547 1024 655 1044; x_wconf 75' lang='lat' dir='ltr'>occurrunt,</span> 
     </span>
    </p>

    <p class='ocr_par' dir='ltr' id='par_1_8' title="bbox 106 1049 658 1157">
     <span class='ocr_line' id='line_1_32' title="bbox 106 1049 656 1075; baseline -0.002 -6"><span class='ocrx_word' id='word_1_200' title='bbox 106 1050 113 1057; x_wconf 55' lang='lat'>⁸</span> <span class='ocrx_word' id='word_1_201' title='bbox 120 1050 194 1074; x_wconf 82' lang='lat' dir='ltr'>quoties</span> <span class='ocrx_word' id='word_1_202' title='bbox 202 1049 225 1069; x_wconf 83' lang='lat' dir='ltr'>de</span> <span class='ocrx_word' id='word_1_203' title='bbox 233 1049 327 1069; x_wconf 71' lang='lat' dir='ltr'>Musarum</span> <span class='ocrx_word' id='word_1_204' title='bbox 336 1050 449 1075; x_wconf 78' lang='lat' dir='ltr'>singularum</span> <span class='ocrx_word' id='word_1_205' title='bbox 456 1049 571 1074; x_wconf 79' lang='lat' dir='ltr'>parentibus,</span> <span class='ocrx_word' id='word_1_206' title='bbox 586 1049 656 1072; x_wconf 79' lang='lat' dir='ltr'>liberis,</span> 
     </span>
     <span class='ocr_line' id='line_1_33' title="bbox 120 1077 657 1108; baseline 0 -11"><span class='ocrx_word' id='word_1_207' title='bbox 120 1078 224 1102; x_wconf 76' lang='lat' dir='ltr'>amoribus,</span> <span class='ocrx_word' id='word_1_208' title='bbox 239 1079 293 1097; x_wconf 83' lang='lat' dir='ltr'>rebus</span> <span class='ocrx_word' id='word_1_209' title='bbox 294 1093 304 1108; x_wconf 49' lang='lat'>¹,</span> <span class='ocrx_word' id='word_1_210' title='bbox 320 1082 393 1097; x_wconf 80' lang='lat' dir='ltr'>narrant</span> <span class='ocrx_word' id='word_1_211' title='bbox 402 1082 476 1103; x_wconf 79' lang='lat' dir='ltr'>poetae.</span> <span class='ocrx_word' id='word_1_212' title='bbox 489 1078 519 1097; x_wconf 90' lang='lat' dir='ltr'>hic</span> <span class='ocrx_word' id='word_1_213' title='bbox 526 1077 593 1103; x_wconf 81' lang='lat' dir='ltr'>agendi</span> <span class='ocrx_word' id='word_1_214' title='bbox 603 1077 657 1097; x_wconf 79' lang='lat' dir='ltr'>locus</span> 
     </span>
     <span class='ocr_line' id='line_1_34' title="bbox 120 1106 658 1132; baseline 0.002 -6"><span class='ocrx_word' id='word_1_215' title='bbox 120 1112 160 1127; x_wconf 81' lang='lat' dir='ltr'>non</span> <span class='ocrx_word' id='word_1_216' title='bbox 169 1107 203 1132; x_wconf 80' lang='lat' dir='ltr'>est3</span> <span class='ocrx_word' id='word_1_217' title='bbox 216 1107 360 1127; x_wconf 75' lang='lat' dir='ltr'>memorabimus</span> <span class='ocrx_word' id='word_1_218' title='bbox 368 1107 429 1127; x_wconf 82' lang='lat' dir='ltr'>adhuc</span> <span class='ocrx_word' id='word_1_219' title='bbox 439 1107 519 1127; x_wconf 72' lang='lat' dir='ltr'>breuiter</span> <span class='ocrx_word' id='word_1_220' title='bbox 526 1112 557 1130; x_wconf 76' lang='lat' dir='ltr'>ea,</span> <span class='ocrx_word' id='word_1_221' title='bbox 572 1113 618 1132; x_wconf 74' lang='lat' dir='ltr'>quae,</span> <span class='ocrx_word' id='word_1_222' title='bbox 634 1106 658 1127; x_wconf 73' lang='lat' dir='ltr'>de</span> 
     </span>
     <span class='ocr_line' id='line_1_35' title="bbox 597 1134 657 1157; baseline -0.017 -2"><span class='ocrx_word' id='word_1_223' title='bbox 597 1134 657 1157; x_wconf 75' lang='lat' dir='ltr'>Musis</span> 
     </span>
    </p>
   </div>
  </div>
 </body>
</html>
