2572 5094
117 691 198 760 250
511 649 795 699 ''¹''-

112 833 254 933 ligirur,
284 833 325 911 in
347 853 420 930 qua
438 825 640 919 Panernus‚
670 829 736 927 qui
760 851 847 904 curn
870 824 997 929 Julio,
1029 843 1069 905 et
1084 826 1190 930 Apel-

114 949 218 1025 laeus
238 959 492 1046 memoratur,
538 946 604 1046 qui
629 965 715 1019 cum
736 939 947 1022 Decembre
982 944 1188 1046 comparari

112 1061 206 1141 solet
234 1067 294 1154 o).

224 1228 302 1308 Iam
325 1252 372 1305 ex
389 1228 445 1305 his
464 1225 635 1304 hedenus
667 1225 854 1326 disputatis
880 1209 1041 1325 intelligi
1068 1224 1186 1326 potest

110 1343 396 1447 illudquoque:
425 1346 463 1418 in
481 1343 654 1418 tenuibus
672 1344 841 1441 quamuis
856 1342 1086 1440 antiquitatis
1105 1338 1186 1416 reli·

111 1461 229 1560 quiis,
261 1455 565 1558 quandoquidem
583 1459 726 1555 integra
749 1458 859 1533 nobis
883 1471 957 1531 tam
982 1478 1102 1555 pauca
1117 1454 1183 1529 ler-

109 1577 212 1650 vauit
227 1574 397 1661 fortuna,
434 1573 586 1670 reperiri
610 1569 710 1677 polle
735 1570 869 1659 multa,
907 1569 1024 1665 niodo
1052 1567 1095 1645 fit
1122 1566 1185 1670 qui

111 1687 243 1766 callide
274 1686 488 1790 inquirendi
515 1699 630 1763 artem
660 1699 784 1761 teneat
813 1699 875 1763 aut
899 1687 979 1761 otio
1006 1682 1179 1760 abundet

173 1844 175 1847 ’
224 1852 426 1933 Enimuero
449 1877 496 1929 ne
522 1851 728 1932 sermonem
753 1853 910 1928 nimiunn
938 1847 1180 1950 producendo

109 1970 254 2055 molesti
275 1961 415 2058 simus,⁴
441 1967 754 2068 progrediendum
777 1989 876 2043 nunc
896 1964 1012 2041 estad
1036 1963 1088 2050 id,
1119 1988 1180 2040 cu·

110 2087 168 2160 ius
193 2079 308 2159 ciulsa
336 2082 493 2182 suscepta
515 2082 566 2157 est
589 2082 780 2159 tota'haec
805 2081 1081 2159 commentatio.
1121 2075 1180 2154 ln·

109 2197 265 2274 dicenda
284 2221 304 2274 a
321 2199 430 2272 nobis
452 2196 536 2273 sunt
557 2196 707 2296 publice
725 2198 764 2270 in
789 2194 888 2271 diem
913 2194 1111 2271 crastinum
1133 2191 1181 2267 sa·

108 2333 171 2388 cra
200 2311 403 2389 academiae
427 2313 567 2388 nostrae
585 2310 846 2398 anniuersaria,
876 2306 1180 2409 quandoquidem
1234 2387 1235 2408 Ν

107 2427 274 2527 propitio
300 2428 455 2503 nurnine
477 2449 518 2501 ea
539 2426 648 2503 nobis
673 2427 832 2525 contigit
855 2423 1026 2511 felicitas,
1059 2439 1100 2496 vt
1129 2445 1180 2496 re·
1234 2413 1235 2418 ‘

106 2540 258 2645 publica
294 2539 389 2618 salua
418 2553 455 2617 et
480 2538 660 2616 incolumi
686 2539 750 2615 illa
788 2537 947 2614 redeant
1033 2530 1179 2611 Praedi-

107 2654 223 2733 canda
239 2654 416 2734 habemus
441 2653 586 2730 diuinae
608 2652 861 2751 indulgentiae
886 2674 1040 2728 munera
1062 2650 1179 2725 multa

107 2781 146 2845 et
172 2768 383 2869 singularia,
419 2774 580 2867 quorum
608 2759 848 2866 interpretem
870 2766 1025 2842 audietis
1051 2764 1180 2842 acade-

105 2886 201 2961 miae
226 2898 432 2972 oratnrem,
474 2882 673 2966 rhetorices
699 2878 949 2982 profellorem,

356 3054 504 3143 CHR.
562 3056 608 3136 G.
667 3053 929 3147 HEYNE,

106 3222 168 3299 cui
186 3225 379 3324 prouincia
404 3222 495 3302 haec
512 3227 689 3302 orationis
718 3225 907 3304 habendae
931 3248 978 3303 ex
1000 3248 1107 3303 more
1131 3224 1181 3304 est

105 3335 265 3427 tradita‚'
301 3339 437 3436 inqua
468 3361 584 3438 pauca
615 3331 894 3438 praemittet‘ad
927 3339 1055 3416 nobile
1081 3340 1178 3417 illud

98 3442 298 3527 *Ciceronis
326 3452 484 3528 ditium:
513 3456 663 3530 neminem
680 3459 786 3531 nitunt
809 3482 963 3552 magnum
972 3457 1042 3558 fine
1065 3455 1179 3553 aliquo

93 3568 221 3668 efflatu
252 3566 365 3642 diuino
393 3591 535 3667 unquam
547 3563 645 3672 suiffe
663 3566 736 3670 p).
794 3567 896 3647 Inter
912 3569 1055 3668 reliqua
1079 3591 1177 3669 quae

958 3682 1176 3785 prosperans

146 3867 191 3950 o)
211 3867 281 3933 Alis
299 3868 485 3947 omittimus,
508 3892 586 3956 quae
606 3881 732 3958 propter
749 3870 927 3937 Dorisnrnnn
950 3881 1060 3937 notatu
1080 3872 1178 3958 digna

178 3960 187 3967 ”
219 3954 301 4017 su'nr.
350 3953 456 4034 Olim
484 3954 764 4038 proscriptionis
785 3955 857 4019 loco
886 3959 1019 4022 habebat
1042 3960 1177 4038 exloce

218 4036 341 4103 Pindari
358 4053 390 4100 et
413 4041 480 4102 eius
501 4039 605 4104 Sebol.
628 4040 707 4103 male
729 4051 857 4118 accepto
876 4039 1086 4123 (olympus,
1102 4047 1177 4123 37.)

150 4188 151 4191 ,
217 4121 422 4197 Mazocnins;
444 4122 494 4186 sed
515 4122 645 4186 canffanr
666 4122 730 4204 ipse
749 4144 823 4186 mox
841 4125 994 4200 deseruit;
1020 4146 1090 4187 narn
1112 4125 1176 4210 ποὶρ

217 4204 258 4264 rai
277 4204 381 4266 druria
403 4205 472 4270 sunt
491 4204 574 4292 napi
593 4205 633 4269 roi
649 4209 704 4271 τοῦ
722 4205 840 4270 baveno
864 4208 904 4273 sc.
925 4210 1081 4291 χρήματα.
1126 4212 1176 4274 lt·

217 4301 252 4351 et
276 4287 315 4348 ni
341 4290 384 4350 rai
402 4288 533 4370 Ἡρωίδα
558 4301 591 4354 et
617 4290 657 4352 rai
676 4289 832 4374 ‘Hancine
855 4291 903 4356 de·
923 4311 1000 4376 agro
1029 4287 1175 4358 Heroden

216 4373 351 4436 alicuius
373 4376 551 4457 accipienda
568 4374 648 4440 suut.
1125 4411 1130 4419 ·

145 4478 195 4564 ρ)
213 4480 278 4548 Cic.
302 4481 342 4548 N.
359 4483 398 4549 D.
415 4484 459 4561 11,
476 4487 528 4552 66.
