2542 5146
512 631 793 653 dannan—nn..-

120 639 199 712 392

110 749 112 756 a

124 784 340 863 columitate
365 785 453 885 reip.
476 783 675 860 constante
689 807 730 863 ac
746 795 923 884 perpetua
950 783 1208 884 suscipiamus,

124 899 341 977 indicuntur
370 898 438 975 hac
467 897 540 998 ipsa
573 898 696 977 tabula
731 899 989 978 Anniuersaria
1024 898 1209 974 sollennia

124 1014 279 1091 crastino
300 1012 360 1089 die
382 1015 421 1090 in
446 1012 588 1109 templo
606 1013 835 1102 academico,
876 1037 1021 1115 pompa
1048 1012 1208 1089 sollenni

126 1126 252 1214 dusia,
281 1126 459 1207 habenda.
518 1123 678 1205 Praeibit
694 1128 803 1203 verba
825 1129 868 1216 is,
897 1130 959 1206 cui
976 1152 1128 1205 munus
1145 1128 1210 1204 hoc

126 1241 276 1342 publice
311 1239 524 1341 impostum
555 1240 623 1331 est,
679 1237 927 1341 Eloquentiae
957 1239 1156 1321 Professor
1179 1257 1210 1319 et

127 1353 284 1456 Collega
315 1356 448 1444 noster,

397 1465 528 1550 cille
589 1465 638 1552 G.
695 1465 916 1557 HEYNE,

128 1606 191 1683 cui
207 1617 248 1681 vt
270 1627 356 1696 vos,
383 1602 669 1687 commilitones
692 1619 729 1680 et
746 1617 935 1705 quotquot
952 1602 1143 1705 Hospites
1161 1607 1209 1685 his
1255 1648 1259 1683 l

130 1719 362 1799 sollennibus
387 1717 553 1796 interesse
578 1719 789 1808 volueritis,
817 1719 984 1795 fauentes
1010 1719 1139 1798 adesse
1157 1745 1211 1796 ve·
1255 1738 1257 1745 ’

131 1832 224 1922 litis,
256 1855 329 1937 qua
349 1857 413 1933 par
436 1835 504 1924 est,
535 1834 761 1910 humanitate
777 1856 961 1932 rogamus.
1026 1832 1213 1913 Praefabi-

131 1954 192 2023 tur
209 1945 272 2023 ille
289 1970 335 2025 ex
351 1939 461 2025 more
472 1947 667 2048 perorandi
684 1947 904 2036 academico
934 1969 1016 2045 quo
1035 1946 1085 2025 de
1104 1949 1213 2028 dodo

132 2060 259 2162 aliquo
277 2076 496 2165 argumento
521 2061 786 2164 praemittenda
814 2060 998 2140 nonnulla
1024 2063 1135 2150 sunt,
1181 2077 1215 2139 et

132 2175 276 2279 diuersos
292 2174 469 2264 bessorum,
500 2176 598 2252 modo
614 2175 662 2252 nd
677 2174 860 2256 barbariem
876 2176 1095 2276 inserendam,
1114 2178 1214 2255 modo
1249 2223 1254 2272 3

133 2287 182 2368 ud
201 2288 413 2366 inmanitatis
438 2290 560 2370 cultum
585 2291 866 2393 propugandum,
905 2288 1034 2397 effessus
1064 2295 1107 2371 in
1135 2317 1212 2372 me·
1249 2293 1252 2303 ³

133 2403 239 2484 dium
264 2404 401 2485 afferet.

248 2599 381 2684 Eidem
407 2603 618 2685 academico
644 2605 817 2692 moriat,
861 2625 934 2702 qua
954 2603 1006 2681 fas
1033 2607 1109 2697 est,
1147 2608 1214 2684 ob-

136 2732 403 2818 temperemus,
446 2717 692 2819 praefabimur
717 2719 754 2794 et
773 2716 856 2816 ipsis
883 2717 940 2798 his
965 2718 1211 2811 sollennibus¹

136 2856 232 2932 quae
253 2830 463 2922 indicimus,
490 2855 619 2932 pauca,
645 2849 682 2912 et
700 2831 930 2911 absoluemus
946 2849 1213 2930 argumentum

136 2946 385 3048 superioribus
415 2941 647 3048 temporibus
669 2946 903 3035 inchoatum,
943 2949 1211 3047 perducemus·

138 3083 212 3160 que
236 3059 282 3138 ad
306 3059 419 3140 finem
440 3060 629 3140 recensum
656 3084 877 3150 numerum,
917 3084 1012 3161 quos
1042 3061 1213 3139 Familia·

133 3198 222 3255 sum
246 3172 499 3255 Romanarum
526 3174 733 3276 appellant,
770 3190 962 3277 quotquot
987 3176 1146 3275 quidem
1166 3200 1212 3255 ex

133 3290 181 3367 iis
209 3287 327 3367 seruat
343 3286 515 3369 Museum
532 3290 697 3369 nostrum
715 3290 985 3377 academicum,
1017 3295 1126 3368 cuius
1144 3293 1213 3373 hac

136 3403 266 3483 aestate
293 3402 456 3480 absoluta
486 3426 639 3504 quoque
668 3404 718 3478 eli
739 3427 863 3482 rerum
892 3418 929 3479 et
955 3428 1071 3504 opum
1104 3420 1214 3482 natu,

135 3515 270 3595 talium
298 3514 503 3616 dispositio,
546 3516 734 3596 dosliffimi
761 3520 847 3602 viri,
892 3514 1212 3614 anrnenascuu,

137 3625 315 3730 Collegae
333 3628 548 3732 digniffimi,
579 3631 722 3711 summo
747 3632 866 3711 lindio
888 3647 925 3711 et
939 3656 1064 3733 opera.

249 3809 530 3909 Substiteramus
554 3843 677 3909 autem
700 3831 737 3907 in
762 3842 874 3927 gente
896 3828 1058 3933 Opimia.
1120 3830 1213 3910 Pro-

135 3943 236 4022 xima
260 3968 371 4044 gens,
403 3946 508 4046 cuius
528 3947 634 4024 numi
651 3944 831 4024 innostro
849 3948 1058 4039 academico
1074 3946 1213 4029 Museo

133 4059 293 4151 exstans
321 4058 372 4140 est

247 4191 398 4276 PAPIA.
459 4198 486 4275 Ι.
500 4191 622 4295 caput
637 4193 798 4298 Junonis
816 4191 1045 4286 Lanuuium,
1061 4202 1214 4298 caprina

131 4307 232 4414 pelle
256 4307 444 4393 indutum
501 4309 725 4416 Appofitum
746 4334 766 4392 a
784 4313 926 4393 ceruice
944 4312 1088 4459 signum
1106 4310 1209 4533 seqqi
